3288 5070
712 389 755 454 43

119 585 211 672 αὐτῷ
244 595 301 672 τῆς
333 585 461 662 πόλεως
491 583 685 672 ἐπανῆλθεν
715 589 769 652 καὶ
800 587 904 652 πάλιν
931 582 1000 651 κατ)
1026 583 1242 673 Ἀλεξάνδρον
1266 583 1353 672 ἔλεγε

120 677 176 758 (or.
210 695 255 759 gr.
287 675 335 744 ed.
360 675 466 742 Reisk.
492 675 553 742 vol.
578 676 639 754 IV,
670 695 700 758 p.
727 677 814 759 150).
862 677 930 741 Hoc
954 676 1038 740 enim
1061 677 1149 740 nullo
1175 677 1237 741 alio
1261 677 1353 741 testi-

119 766 226 830 monio
259 765 470 832 confirmatur.
517 765 645 829 Rectius
678 766 803 847 quidem
836 785 1009 848 anonymus
1041 767 1073 830 in
1102 766 1272 834 vitilem.
1298 763 1352 851 (ib.

118 877 148 938 p.
175 852 252 940 158)
276 854 353 919 haee
386 854 529 936 scripsit:
553 852 770 940 Ἀλεξάνδρον
794 856 828 920 δέ
856 860 1080 942 χωρισθέντος
1103 854 1138 938 ἐξ
1158 855 1354 940 ἀνθρώπιον

122 945 160 1011 έν
184 945 370 1027 Βαβυλῶνι,
395 947 675 1021 καταπαύσαντος
698 947 758 1032 την
781 944 888 1032 άκμην
912 955 969 1032 τῆς
987 948 1095 1032 τάχης,
1113 944 1354 1029 ἀνεκαλέσαντο

122 1035 176 1100 διδ
212 1038 429 1120 ψηφίσματος
464 1034 494 1098 οἱ
525 1031 699 1120 Ἀθηναῖοι
734 1035 793 1100 τὸν
823 1039 1049 1121 Δημοσθένην
1084 1033 1351 1121 ὁμολογήσαντες,

121 1126 172 1188 δτι
196 1123 300 1187 αὐτοῦ
323 1127 535 1208 κατέγνωσαν
559 1120 776 1208 Ἀλεξάνδρον
801 1123 931 1211 (ιμάηλιμ).
980 1123 1145 1187 Terminus
1171 1143 1256 1202 verb,
1281 1127 1353 1188 ante

121 1232 214 1296 quem
239 1212 376 1294 epistula
400 1212 518 1295 scripta
542 1213 600 1290 sit,
625 1213 820 1296 paragrapho
845 1215 864 1277 8
889 1212 1105 1290 constituitur,
1129 1213 1183 1277 ubi
1206 1213 1283 1278 haec
1306 1214 1353 1278 le-

121 1304 255 1386 guntur:
288 1300 467 1390 έπειδηπερ
493 1303 529 1370 ,οἱ
552 1303 627 1367 θεοὶ
650 1303 757 1379 καλῶς
780 1311 957 1379 ποιοῦντες
980 1304 1147 1379 σώσαντες
1170 1305 1231 1390 την
1255 1304 1355 1368 πάλιν

120 1391 370 1457 ἀποδεδώκασιν
400 1389 480 1474 ὑμῖν
511 1392 530 1456 δ’
559 1416 591 1455 τι
622 1391 664 1456 δν
694 1393 861 1478 βούλησθε
893 1390 927 1474 έξ
958 1391 1057 1478 ἀρχῆς
1087 1392 1353 1475 βοαλεάσασθαι;

121 1500 252 1563 quocum
278 1480 418 1544 conferas
444 1500 489 1558 ea,
514 1500 592 1562 quae
615 1481 669 1563 §2
693 1481 812 1546 tradita
828 1483 919 1545 sunt:
945 1481 1004 1545 τὸν
1021 1482 1055 1546 δὲ
1072 1485 1224 1567 παρόντα
1241 1482 1355 1567 καιρὸν

121 1571 208 1658 δρῶν
225 1607 265 1616 --
285 1575 451 1657 σωτηρίαν
473 1572 527 1634 καὶ
550 1568 745 1656 ἐλευθερίαν
769 1571 955 1652 δυνάμενον
979 1575 1167 1658 κτήσασθαι
1187 1569 1226 1636 οὐ
1249 1575 1355 1653 μόνον

120 1660 215 1742 ὑμῖν,
249 1659 332 1724 ἀλλὰ
362 1661 416 1724 καὶ
447 1672 515 1736 τοῖς
546 1660 656 1736 άλλοις
686 1660 814 1724 άπασιν
838 1655 1001 1746 Ἕλλησιν.
1048 1660 1146 1740 Atqui
1172 1662 1282 1724 notum
1307 1662 1356 1724 est

120 1748 331 1814 Athenienses
354 1750 428 1832 post
443 1748 613 1814 Alexandri
636 1749 720 1832 regis
745 1750 879 1813 mortem
897 1749 1103 1814 Macedonum
1119 1749 1227 1830 iugum
1246 1768 1355 1813 exuere

121 1840 249 1904 conatos
275 1856 353 1916 esse,
382 1838 478 1903 donee
502 1838 621 1921 proelio
646 1838 728 1920 apud
745 1837 941 1902 Crannonem
965 1839 1134 1904 commisso
1159 1857 1265 1904 eorum
1283 1857 1354 1921 spes

121 1928 403 2011 exstinguerentur.
461 1928 573 2011 Itaque
608 1929 680 1992 ante
715 1928 796 1992 bano
829 1946 966 2010 pugnam
1002 1928 1173 2010 epistulam
1204 1927 1355 2010 scriptam

121 2037 191 2083 esse
215 2019 354 2100 apparet.

227 2107 271 2172 Ut
295 2107 334 2171 ad
359 2126 404 2184 ea,
421 2126 499 2189 quae
523 2108 582 2172 hac
606 2107 742 2189 epistula
766 2106 976 2184 continentur,
993 2107 1201 2185 transeamus,
1217 2107 1355 2189 primum

121 2197 248 2280 quidem
271 2197 424 2262 babemus
448 2198 597 2278 quattuor
621 2196 747 2261 exordia
771 2197 915 2278 quartam
938 2198 1062 2278 partem
1082 2197 1181 2260 totius
1200 2196 1355 2278 epistulae

121 2286 288 2369 explentia.
335 2287 476 2351 Primum
502 2287 606 2350 autem
632 2286 809 2365 exordium,
842 2285 924 2368 quod
949 2285 1121 2350 solemnem
1146 2285 1242 2350 habet
1266 2287 1355 2350 inve-

122 2376 280 2442 nationem
304 2376 442 2453 deorum,
467 2375 575 2459 legens
601 2375 671 2458 quis
696 2395 757 2440 non
781 2375 933 2458 prooemii
958 2375 1109 2440 orationis
1134 2375 1172 2439 de
1196 2395 1257 2443 cor.
1283 2376 1355 2443 hab.

121 2465 326 2531 recordatur?
373 2465 472 2530 Nulla
496 2468 545 2530 est
568 2465 735 2544 dubitatio,
763 2465 836 2546 quin
862 2466 946 2529 recte
962 2465 1126 2528 Dobraeus
1151 2464 1191 2528 ad
1211 2466 1355 2530 nostrum

119 2557 226 2621 locum
257 2554 472 2619 annotaverit:
506 2554 731 2637 „impudentur
762 2555 902 2637 sublegit
931 2560 987 2632 (sc.
1012 2555 1119 2618 auctor
1144 2554 1355 2636 epistulae)a

119 2646 167 2710 De
192 2643 281 2712 Coro.
313 2645 436 2713 initio.“
482 2645 602 2709 Partim
637 2644 733 2710 etiam
765 2643 927 2710 exordium
958 2645 1101 2708 nostrum
1133 2663 1203 2709 cum
1232 2663 1294 2708 uno
1319 2663 1355 2708 ex

118 2733 375 2799 Demosthenicis
407 2753 486 2816 quae
517 2734 660 2800 feruntur
683 2735 853 2817 prooemiis
878 2733 1032 2816 congmit.
1079 2731 1234 2816 Campam
1258 2733 1353 2799 haec:

425 2841 472 2904 ep.
497 2824 523 2900 I,
550 2825 565 2887 1
1039 2841 1178 2904 prooem.
1204 2823 1246 2888 25

121 2911 259 2993 εὔχομαι
286 2910 324 2998 δη
348 2923 417 2988 τοῖς
438 2917 532 2988 θεοῖς
555 2923 638 2977 πάσι
661 2915 715 2978 καὶ
740 2916 870 2994 πάσαις,
929 2911 1065 2994 εὔχομαι
1096 2911 1130 2976 δὲ·
1160 2925 1229 2988 τοῖς
1262 2918 1356 2989 θεοῖς

121 3002 141 3066 δ’
174 3026 206 3064 τι
241 3005 287 3084 τῷ
318 3000 407 3087 δημηι
439 3007 485 3086 τῷ
516 2999 706 3089 Ἀθηναίων
738 3002 874 3088 άριστάν
929 3004 949 3066 ἃ
980 3002 1033 3066 καὶ
1065 3008 1105 3088 τῇ
1136 3002 1231 3066 πόλει
1258 3001 1353 3084 κάμοὶ

120 3089 192 3156 έστι
215 3091 269 3154 καὶ
292 3102 361 3167 τοῖς
383 3089 537 3156 εδνοοῦσι
561 3097 606 3177 τῷ
630 3093 720 3180 δημιμ
741 3093 795 3156 καὶ
811 3099 874 3158 νῦν
930 3095 1113 3177 συμφέρειν
1128 3091 1246 3172 μέλλει,
1261 3089 1354 3156 ταῦτ)

120 3181 175 3244 καὶ
199 3178 232 3256 ές
255 3179 315 3244 τὸν
338 3178 453 3245 ἔπειτα
469 3185 599 3266 χρόνον,
618 3179 708 3246 τοῦτ)
726 3179 798 3263 ἐμοὶ
812 3181 875 3264 μέν
931 3178 1003 3263 ἐμοί
1033 3203 1067 3245 τε
1100 3179 1207 3246 εἰπεῖν
1242 3179 1356 3246 έλθεῖν

120 3269 178 3335 ἐπὶ
201 3277 284 3334 νοῦν
308 3267 421 3335 έλθεῖν
444 3274 588 3356 γράψαι,
615 3284 683 3347 τοῖς
706 3265 736 3335 δ’
763 3269 875 3358 έκκλη-
931 3269 988 3336 ἐπὶ
1011 3278 1094 3335 ναῦν
1117 3271 1171 3334 καὶ
1191 3268 1270 3352 ὑμῖν
1286 3269 1356 3336 ἑλέ-

123 3363 279 3424 σιάσασιν
303 3356 494 3446 Ἀθηναίων
518 3360 663 3425 ἑλέσθαι.
932 3365 1024 3425 σθαι.

228 3446 425 3530 Quamquam
450 3449 547 3513 etiam
562 3449 697 3532 Lycurgi
722 3449 821 3514 oratio
845 3449 877 3512 iu
894 3450 1076 3514 Leocratem
1100 3449 1211 3512 habita
1231 3467 1248 3512 a
1265 3448 1355 3512 simi-

119 3537 205 3602 libus
238 3537 340 3601 verbis
372 3536 500 3620 incipit,
531 3541 638 3602 tamen
671 3539 775 3621 graeci
806 3538 933 3620 quidem
965 3541 1104 3603 oratores
1137 3537 1175 3602 ab
1199 3537 1354 3602 invocatis

120 3627 303 3691 numinibus
336 3627 493 3691 orationes
525 3628 671 3693 incohare
701 3647 762 3692 non
787 3628 940 3696 solebant.
989 3626 1070 3707 Quid
1096 3645 1166 3691 vero
1191 3627 1224 3690 in
1248 3629 1356 3692 nostra

119 3716 209 3781 brevi
233 3715 371 3799 epistula
396 3716 535 3780 solemne
558 3717 618 3782 hoc
643 3717 804 3782 exordium
827 3717 889 3781 sibi
913 3718 1007 3796 velit,
1032 3716 1162 3781 difficile
1186 3717 1236 3780 cst
1258 3715 1355 3780 intel-

120 3807 216 3874 lectu.
263 3806 301 3869 In
333 3805 470 3870 secundo
494 3807 652 3888 prooemio
677 3806 805 3889 exponit
836 3808 959 3886 auctor,
991 3826 1045 3871 eur
1077 3806 1245 3889 epistulam
1278 3806 1355 3870 seri-

120 3895 231 3979 pserit.
279 3893 369 3974 Quod
401 3895 440 3959 ad
468 3896 599 3960 tertium
623 3896 782 3960 exordium
807 3897 939 3977 attinet,
963 3897 1078 3961 mirum
1102 3897 1160 3973 est,
1185 3895 1355 3977 quodiam

120 3987 154 4050 in
178 3985 328 4050 Isocratis
361 3985 502 4050 oratione
534 3986 644 4067 quinta
676 3986 760 4068 §25
786 4004 850 4067 seq.
876 3986 1004 4068 eiusque
1028 3985 1131 4069 prima
1155 3985 1292 4067 epistula
1316 3985 1356 4050 ad

120 4074 308 4157 Dionysium
333 4074 432 4139 missa
456 4075 474 4158 ξ
499 4074 518 4138 2
544 4076 575 4139 et
598 4077 618 4140 3
644 4075 793 4139 similiter
817 4079 910 4157 atque
934 4076 966 4140 in
991 4078 1099 4139 nostra
1123 4074 1269 4156 epistula,
1294 4075 1354 4139 eti-

121 4163 204 4229 amsi
235 4164 379 4242 uberius,
413 4164 647 4229 demonstratur
678 4164 838 4229 difficilius
871 4183 939 4229 esse
972 4184 1027 4246 per
1050 4163 1175 4228 litteras
1200 4163 1355 4246 explicare

121 4253 197 4334 quid
228 4253 406 4318 faciendum
439 4253 497 4332 sit,
530 4273 624 4335 quam
653 4253 847 4318 orationibus
873 4273 976 4319 eoram
1001 4253 1201 4318 audientibus
1225 4253 1354 4321 habitis.

120 4343 227 4410 Etiam
259 4343 362 4424 quarti
387 4343 522 4422 exordii,
554 4363 614 4425 que
639 4345 747 4409 auctor
770 4343 848 4408 dicit
871 4363 932 4408 uon
956 4345 1023 4408 tam
1046 4344 1173 4425 propter
1196 4343 1355 4407 oratorum

121 4433 262 4524 inopiam
286 4451 379 4524 quam
404 4435 439 4504 ut
463 4432 618 4512 declaret,
643 4433 718 4520 quid
742 4433 810 4524 ipse
833 4432 927 4507 homo
951 4452 1054 4507 rerum
1078 4431 1277 4524 publicarum
1299 4451 1354 4524 pe·
