3288 5070
896 361 941 425 42

837 453 997 462 ——-.—-

302 565 383 648 price
419 555 639 646 ψευσαίμην)
674 559 750 623 λίαν
781 557 947 643 ὀλίγωροι,
980 559 1055 624 οὔτε
1087 560 1166 634 τοίς
1195 559 1315 635 ἄλλους
1344 554 1420 623 oda'
1451 557 1536 641 ὑμᾶς

303 649 426 727 αὐτοὺς
456 649 723 729 elaqueanda-
732 672 742 728 ,·
774 647 835 730 (ep
860 649 925 726 HI,
957 649 1024 730 37).
1071 648 1143 712 Non
1166 667 1376 712 commemoro
1399 649 1474 712 hoc:
1506 649 1537 714 et

303 740 339 806 ὀί
369 763 418 816 τις
450 736 542 820 ὑμῶν
565 739 712 823 διασύρει
735 746 857 819 ταῦτα,
890 739 1015 824 noera-
1037 737 1128 804 ἐστιν
1151 737 1306 824 εὐηθεία5
1327 742 1450 819 μεστός
1473 743 1533 820 (ep

304 829 362 906 ΙΙΙ,
386 829 453 904 34).
499 827 542 892 Hi
566 829 641 892 sunt
659 827 730 904 loci,
748 827 788 892 ad
804 847 882 908 quos
900 829 994 892 verba
1009 827 1163 910 quaedam
1179 827 1278 909 hypot
1263 827 1364 891 thesis
1381 829 1537 909 septimae

304 917 475 994 orationis,
510 935 589 998 quae
624 922 734 982 contra
764 917 1041 982 Demosthenicum
1078 917 1232 998 originem
1262 916 1351 980 illius
1383 917 1537 981 orationis

304 1008 524 1091 congeruntur,
547 1005 655 1070 referri
677 1025 771 1088 posse
795 1007 947 1072 arbitror:
981 1006 999 1070 b
1021 1007 1084 1089 μὲν
1107 1008 1168 1092 γὰρ
1192 1010 1414 1093 Δημοσθένης
1436 1006 1538 1072 alode

305 1101 472 1184 παρρησίᾳ
503 1101 665 1182 χρῆσθαι,
698 1105 796 1160 τοῦτο
825 1096 858 1160 δὲ
886 1097 976 1182 Ιίβρις
997 1095 1067 1161 ἐστὶ
1090 1097 1144 1160 καὶ
1167 1096 1311 1182 λοιδορία
1333 1100 1454 1181 μέτρον
1477 1095 1539 1161 or'rt.

304 1186 435 1270 ἔχουσα.

411 1276 534 1353 Restat,
558 1275 595 1338 ut
617 1293 716 1356 pauca
739 1273 881 1342 dicamus
906 1275 944 1339 de
968 1275 1054 1339 omni
1077 1274 1283 1356 epistularum
1305 1273 1421 1341 indole.
1467 1275 1539 1339 Iam

305 1385 342 1431 ex
365 1365 416 1444 iis,
440 1383 519 1447 quae
543 1363 645 1428 adhuc
668 1363 755 1428 dicta
778 1366 862 1442 sunt,
879 1364 1042 1447 colligitur
1057 1365 1216 1428 orationes
1233 1383 1290 1428 nos
1306 1364 1421 1428 habere
1436 1363 1541 1429 forma

306 1454 514 1538 epistularum
543 1453 681 1519 indutae.
729 1453 840 1535 Neque
871 1453 955 1518 enim
984 1453 1225 1538 simplicitatem
1249 1473 1392 1518 verarum
1416 1453 1541 1534 epistu-

304 1546 407 1610 larum
438 1541 717 1626 deprebendimus‚
750 1543 805 1607 sed
838 1545 870 1607 et
900 1543 933 1608 in
964 1544 1056 1608 rebus
1089 1545 1121 1606 et
1144 1542 1178 1606 in
1201 1543 1368 1608 sententiis
1391 1543 1542 1608 universa

305 1634 386 1699 ratio
418 1635 468 1698 cst
498 1633 642 1700 oratoria.
691 1633 805 1696 Forma
828 1632 954 1714 quidem
978 1633 1186 1714 epistularum
1209 1632 1243 1696 in
1266 1633 1448 1696 universum
1472 1652 1542 1698 ser-

305 1725 380 1788 vata
403 1725 461 1792 cst.
509 1721 672 1787 Interdum
695 1724 802 1787 tamen
827 1722 1002 1787 locutiones
1027 1725 1207 1798 occurrunt,
1239 1741 1318 1803 quae
1342 1721 1444 1804 magis
1469 1742 1542 1788 ora·

305 1815 407 1878 torem
444 1831 538 1894 quam
573 1811 728 1894 epistulae
759 1811 944 1894 scriptorem
976 1811 1116 1880 deceant.
1175 1811 1230 1875 Bis
1262 1830 1334 1876 uero
1366 1813 1475 1876 auctor
1508 1832 1541 1877 se

306 1902 476 1986 epistulam
512 1901 648 1966 scribere
672 1901 798 1966 omnino
823 1901 940 1966 oblitus
965 1920 1035 1966 esse
1058 1901 1136 1965 mihi
1161 1899 1294 1968 videtur.
1341 1901 1378 1965 ln
1403 1902 1542 1966 secunda

307 1993 392 2057 enim
416 1991 553 2074 epistula
577 1990 749 2071 alloquitur
772 1991 907 2056 maiores
932 1992 1045 2068 aetate,
1070 1990 1125 2072 qui
1146 1990 1313 2054 iuuenibus
1337 1990 1375 2054 de
1395 1991 1541 2073 Pythone

306 2084 450 2146 narrent:
486 2080 601 2146 εἰδεῖεν
632 2076 662 2144 d'
689 2079 731 2146 ἂν
762 2080 792 2145 οἱ
823 2084 1039 2166 πρεσβύτεροι
1068 2082 1122 2144 καὶ
1149 2081 1255 2165 λέγειν
1279 2093 1347 2156 τοῖς
1369 2086 1543 2166 νεωτέροις

307 2171 380 2238 iord
409 2171 527 2236 ιλίκοιοι
550 2173 611 2257 την
635 2171 719 2256 πρὸς
742 2173 898 2234 Πύθωνα
921 2170 981 2234 τὸν
1003 2173 1192 2255 Βυζάντιον
1215 2168 1388 2256 ἐκκλησίαν
1412 2170 1475 2251 (ep.
1500 2171 1543 2248 II,

310 2261 374 2344 10).
421 2259 505 2326 Nam
529 2258 763 2324 concedendum
787 2260 847 2324 erit
870 2259 903 2323 in
927 2259 1067 2341 epistula
1091 2258 1219 2340 quidem
1243 2259 1363 2323 auctori
1383 2278 1446 2323 non
1462 2259 1543 2324 licu-

305 2351 371 2416 isse
401 2349 461 2415 tali
492 2348 584 2414 modo
615 2349 749 2414 transire
780 2349 820 2414 ad
851 2349 1004 2414 directam
1034 2350 1071 2412 ut
1099 2349 1147 2412 ita
1177 2348 1280 2412 dicam
1304 2348 1543 2428 allocutionem,

308 2459 388 2523 quae
413 2458 474 2504 nou
499 2438 538 2502 ad
563 2457 671 2503 omnes
687 2438 909 2516 Athenienses,
934 2439 973 2502 ad
998 2457 1074 2520 quos
1099 2438 1176 2502 haec
1200 2437 1337 2520 epistula
1359 2439 1460 2502 missa
1484 2442 1544 2518 est,

307 2530 363 2595 sed
387 2529 426 2593 ad
450 2531 572 2610 partem
597 2547 714 2606 eorum,
738 2527 777 2592 ad
802 2530 906 2592 aetate
929 2527 1081 2606 maiores,
1114 2527 1261 2610 pertinet.
1308 2527 1469 2592 Permissa
1495 2531 1546 2593 est

306 2619 383 2684 talis
411 2617 561 2682 allocutio
593 2617 725 2695 oratori,
758 2616 812 2698 qui
844 2617 882 2681 ad
907 2617 1075 2680 nonnullos
1100 2617 1279 2682 auditorum
1303 2637 1337 2682 se
1361 2620 1546 2684 convertere

307 2709 423 2791 potest,
449 2705 604 2789 epistulae
629 2707 776 2789 scriptori
799 2725 861 2770 non
886 2706 1051 2788 permissa.
1099 2707 1205 2770 Etiam
1227 2708 1261 2771 in
1284 2708 1380 2772 tertia
1404 2708 1547 2790 epistula

309 2796 425 2862 similis
451 2796 539 2861 locus
563 2795 657 2865 inest.
705 2796 753 2860 lbi
779 2796 861 2860 enim
886 2797 904 2879 ξ
929 2797 971 2862 25
988 2795 1119 2862 dicitur:
1144 2821 1197 2862 και
1188 2795 1354 2874 οὐδείς’
1340 2799 1397 2862 arri
1413 2800 1548 2874 τούτοις

308 2887 386 2964 τοὺς
408 2883 568 2968 νόιιονς’
551 2910 614 2974 εφη
631 2886 856 2952 καταλύεσθαι
881 2911 964 2951 των
987 2895 1065 2952 νῦν
1088 2889 1301 2969 βοώντων.
1338 2887 1425 2951 Haec
1440 2906 1548 2952 nonne

309 2978 358 3042 est
389 2976 525 3040 formula
549 2977 666 3042 oratori
690 2973 894 3053 conveniens,
927 2976 989 3078 qui
1005 2994 1108 3040 coram
1132 2976 1317 3040 turbulenta
1284 2975 1431 3058 tplebe
1456 2975 1548 3054 dicit,

308 3065 438 3132 minime
463 3065 501 3130 ab
527 3084 573 3143 eo,
598 3066 650 3147 qui
675 3065 845 3147 epistulam
870 3065 1017 3146 concipit
994 3064 1242 3130 tadbibenda‘?
1227 3065 1452 3148 llipistulas
1470 3085 1547 3131 vero

309 3157 435 3220 nostras
468 3116 641 3219 orationum
676 3156 821 3220 naturam
852 3173 926 3236 prae
958 3172 992 3217 se
1023 3154 1103 3219 ferre
1135 3154 1271 3219 etiam
1261 3175 1294 3218 111
1327 3174 1362 3219 eo
1395 3155 1550 3233 cernitur,

309 3243 392 3328 qnod
423 3244 617 3326 perpetuitas
650 3244 815 3308 uerborum
846 3242 1005 3308 interdum
1027 3244 1269 3326 parenthesibus
1295 3263 1372 3326 quae
1397 3244 1551 3309 dicuntur

308 3333 565 3416 interrumpitur
597 3335 632 3398 ut
657 3352 703 3416 ep
728 3333 785 3413 ΙΙΙ,
809 3335 869 3400 37:
903 3333 1036 3415 οιίινες,
1070 3339 1095 3397 ὠ
1120 3333 1207 3415 (cl'
1188 3358 1294 3399 αν
1322 3335 1550 3421 ψευσαίμην)

309 3425 384 3489 λίαν
417 3423 575 3509 ὀλίγωροι.
623 3422 772 3501 Accedit
741 3422 887 3505 tquod
919 3423 1045 3505 saepius
1077 3423 1121 3486 dii
1155 3423 1345 3488 advocantur
1367 3423 1427 3487 tuli
1450 3423 1551 3488 modo

310 3515 358 3592 (ut
377 3512 519 3594 exemplo
544 3514 615 3576 utar
639 3531 685 3594 ep.
703 3513 744 3590 II,
764 3510 865 3578 16:‘
848 3537 892 3589 ιος
915 3512 1061 3578 ἰ’σσιοσοιν
1085 3512 1116 3577 οἱ
1139 3515 1215 3578 θεοὶ
1231 3538 1284 3577 και
1274 3513 1421 3599 η’ριοις),
1441 3514 1552 3594 qualis

310 3602 440 3668 minime
466 3601 612 3684 epistulis
638 3603 739 3684 aptus,
765 3602 840 3684 quin
865 3603 961 3668 etiam
978 3601 1058 3683 ipsis
1075 3602 1330 3668 Demosthenicis
1348 3603 1552 3668 orationibus
1610 3611 1611 3683 Ι

310 3692 472 3756 inauditus
497 3692 556 3760 est.
603 3692 690 3756 Haec
713 3693 821 3756 tamen
844 3691 946 3774 magis
972 3690 1011 3755 ad
1036 3691 1246 3758 elocutionem
1270 3693 1424 3774 spectant,
1449 3710 1554 3774 quam

311 3781 392 3846 iutra
416 3780 708 3862 contemplabimur

418 3869 502 3935 Nam
532 3869 715 3952 priusquam
747 3870 784 3935 de
813 3889 956 3937 sermone
981 3869 1151 3950 disseram,
1184 3890 1220 3935 ea
1243 3871 1381 3936 breviter
1405 3889 1553 3936 comme·
1609 3935 1610 3977 ,

312 3978 434 4025 morare
457 3958 562 4038 liceat,
588 3979 666 4042 quae
690 3960 727 4026 de
752 3961 863 4044 prima,
888 3962 1008 4043 quarta,
1033 3963 1121 4025 sexta
1145 3960 1282 4042 epistula
1306 3959 1438 4025 dicenda
1462 3964 1555 4030 sunt

418 4049 557 4113 Primam
582 4049 706 4130 quidem
733 4049 904 4132 epistulam
926 4051 1000 4152 post
1015 4049 1184 4116 Alexandri
1205 4051 1289 4134 regis
1306 4051 1443 4115 mortem
1461 4069 1556 4114 com-

311 4137 449 4222 positam
474 4141 529 4202 aut
553 4157 622 4204 esso
647 4142 701 4204 aut
724 4139 802 4223 fingi
826 4159 920 4222 supra
944 4139 1009 4208 iam
1033 4139 1168 4204 diximus
1194 4140 1225 4223 (ἓ
1252 4141 1310 4204 13:
1343 4149 1406 4206 νῦν
1430 4145 1558 4206 τοίνυν

312 4233 498 4305 τεθνεῶτος
528 4226 677 4312 ἐκείνου).
724 4229 842 4296 Zosimi
873 4229 1093 4294 testimonium
1125 4229 1205 4293 nihil
1238 4229 1342 4296 valere
1364 4231 1459 4311 puto,
1500 4231 1558 4312 qni

312 4317 561 4394 Demosthenem
599 4318 632 4382 in
672 4320 809 4400 patriam
843 4337 1003 4384 reversum
1039 4319 1154 4383 iterum
1190 4320 1298 4384 contra
1333 4319 1559 4383 Alexandrum

264 4437 268 4449 ·
313 4425 417 4498 regem
450 4407 553 4498 egisse
585 4410 708 4481 narrat:
745 4407 868 4496 ’ἐφνγεν
899 4408 945 4485 είς
976 4408 1139 4496 Ᾰίγιναν
1173 4408 1312 4496 ὕστερον
1343 4408 1378 4478 δὲ
1408 4407 1561 4500 ἀφείσης
