3288 5070
884 373 928 438 24

289 574 574 658 πεπολιτευμένου
596 575 651 639 καὶ
675 571 951 660 ἐστρατηγηκότος
974 571 1142 647 πολλάκις)
1166 569 1200 634 in
1224 588 1344 636 carcero
1364 571 1461 637 fuisso
1487 573 1520 638 et

290 663 379 731 Dem.
405 683 447 732 or.
474 663 514 728 19
547 662 631 750 (hab.
664 663 779 746 olymp.
815 663 886 739 loa,
912 663 941 740 2,
966 679 1046 726 anno
1071 678 1098 728 a.
1123 657 1195 728 Chr.
1219 679 1249 725 11.
1274 657 1386 746 343l2)
1410 663 1428 745 ξ
1454 663 1520 727 280

287 753 364 817 haec
376 752 560 818 traduntur:
578 759 610 819 rt
622 747 692 836 οὖν,
703 747 854 838 ὦοὲυόρες
862 748 1045 838 Ἀθηναῖοι,
1056 752 1186 816 τούτων
1202 750 1307 827 οὕτως
1323 749 1518 832 ἐχόντων-

287 841 485 926 υυομιυεῖτε
499 879 546 888 -
562 842 800 930 Θρασύβουλον
812 840 939 907 ἐκεῖνον
962 841 1022 906 τὸυ
1046 839 1284 926 Θρασυβούλου
1302 849 1362 905 τοῦ
1385 841 1519 928 δημοτι-

287 941 348 996 κοῦ
382 941 442 998 τοῦ
476 931 545 998 ἀπὸ
582 932 694 1018 Φυλῆς
731 934 974 1016 καταγαγόντος
1011 929 1071 994 τὸν
1105 928 1224 1015 δῆμον,
1261 929 1407 995 τάλαντα
1442 931 1519 996 δέκα

288 1019 494 1109 apapreat,
525 1022 586 1086 His
614 1021 713 1104 igitur
734 1020 814 1085 locis
838 1039 909 1085 vere
933 1017 1187 1084 Demostheniois
1210 1018 1304 1101 plane
1328 1020 1521 1084 contrarium

289 1110 403 1176 dicitur
427 1111 504 1190 eius,
529 1111 611 1193 quod
634 1111 667 1174 in
692 1111 800 1175 nostra
816 1109 953 1192 epistula
975 1107 1110 1191 legitur3
1136 1125 1197 1189 qua
1213 1107 1251 1173 de
1267 1126 1301 1172 re
1315 1110 1354 1177 A.
1372 1107 1520 1174 Sohaefer

287 1200 321 1264 in
346 1200 449 1268 annal.
473 1201 625 1284 philolog.
652 1200 716 1265 115
740 1201 851 1276 (1877)
875 1219 905 1281 p.
925 1200 989 1263 164
1011 1198 1095 1262 recte
1118 1198 1196 1262 haec
1211 1196 1346 1268 iudicat:
1372 1199 1433 1277 „Es
1454 1219 1521 1263 war

288 1289 385 1356 daher
409 1289 463 1353 des
487 1291 650 1373 Lyhurgos
675 1288 800 1354 Sohnen
823 1289 896 1352 noel
922 1287 1066 1372 gedient,
1097 1305 1186 1351 wenn
1214 1306 1288 1351 man
1320 1286 1520 1371 dergleichen

287 1379 321 1442 in
344 1379 542 1463 Erinnerung
572 1379 730 1446 brachte.“
776 1377 920 1443 Blassius
952 1395 1024 1441 vero
1057 1396 1128 1441 cum
1157 1377 1191 1440 in
1221 1376 1336 1441 iisdem
1360 1378 1462 1444 annal.
1487 1399 1518 1460 p.

288 1469 352 1533 543
377 1469 519 1552 longiore
542 1469 694 1551 temporis
719 1468 832 1551 spatio,
857 1466 938 1549 quod
962 1466 1035 1530 inde
1059 1466 1097 1531 ab
1121 1465 1161 1529 iis
1187 1466 1287 1545 annis,
1312 1467 1424 1548 quibus
1449 1485 1520 1531 ora-

287 1557 390 1622 tiones
422 1558 497 1622 illae
529 1559 594 1622 sint
624 1558 767 1636 habitae,
798 1556 1012 1640 praeterierit,
1043 1555 1135 1620 illam
1166 1554 1375 1620 differentiam
1405 1556 1520 1622 tollere

288 1647 416 1713 studeat
438 1648 524 1712 hisce
549 1647 652 1712 uerbis
676 1667 770 1712 usus:
803 1646 899 1726 „Was
927 1646 1044 1710 konnte
1067 1644 1100 1708 in
1125 1645 1180 1709 der
1201 1644 1316 1728 langen
1341 1645 1520 1710 Zwischen-

289 1739 351 1802 neit
375 1737 454 1801 alles
479 1737 655 1820 geschehen
680 1737 764 1817 sein,
796 1757 851 1800 mn
883 1735 933 1800 die
956 1735 1080 1799 fruhero
1104 1735 1204 1798 Harte
1229 1735 1327 1818 vullig
1351 1753 1519 1820 vergessen

289 1847 326 1892 nu
360 1827 545 1904 machenl“,
587 1846 654 1891 rem
689 1846 751 1892 non
785 1827 883 1890 hene·
903 1824 1038 1890 cessisse
1072 1823 1266 1907 putaverim3
1302 1843 1376 1889 nem
1411 1826 1521 1890 auctor

290 1917 458 1999 epistulae,
483 1917 545 1998 qui,
570 1918 606 1980 ut
629 1916 709 1980 infra
732 1915 920 1992 videbimus,
945 1914 1087 1996 exempla
1110 1913 1193 1977 inter
1217 1932 1250 1978 se
1275 1915 1431 1979 contraria
1445 1933 1520 1996 pro-

288 2007 368 2070 ferre
393 2006 484 2085 solet,
509 2007 592 2070 certe
617 2004 928 2070 commemoravisset
951 2023 1004 2068 eos
1029 2003 1112 2068 viros
1128 2003 1266 2085 primum
1283 2002 1410 2085 quidem
1425 2004 1519 2084 male,

289 2095 402 2160 deinde
434 2114 506 2160 vero
538 2096 617 2159 hene
650 2096 802 2159 tractatos
835 2112 914 2163 esse.
960 2092 1163 2174 Relinquitur
1186 2093 1323 2175 suspicio
1359 2096 1521 2159 auctorem

290 2185 445 2267 epistulae
470 2203 572 2249 errore
596 2184 733 2266 quodam
756 2203 801 2263 ea,
826 2202 904 2265 quae
928 2182 1051 2247 inillis
1075 2181 1300 2247 Demosthenis
1324 2182 1519 2248 orationihus

288 2275 420 2358 legerat,
445 2274 478 2338 in
502 2275 695 2338 contrarium
718 2273 929 2341 convertisse.

395 2364 518 2428 Deinde
541 2363 624 2428 intur
648 2383 718 2444 eos,
749 2364 802 2445 qui
833 2363 952 2428 diutius
984 2381 1039 2444 pro
1063 2361 1183 2427 civibus
1208 2379 1300 2444 agere
1323 2364 1424 2427 morte
1446 2382 1520 2445 pro-

288 2453 383 2519 hibiti
416 2453 496 2529 sint,
528 2453 712 2532 Nausicles,
745 2453 879 2532 Chares,
909 2451 1087 2526 Dictimus‚
1118 2450 1339 2531 Menestheus,
1363 2451 1520 2532 Eudoxus,
1619 2441 1620 2503 l

287 2543 435 2622 Eudious,
460 2543 635 2625 Ephialtes,
658 2544 819 2626 Lyeurgus
837 2543 1059 2606 enumerantur
1075 2547 1134 2622 (ep.
1151 2541 1209 2620 HI,
1226 2541 1291 2619 31).
1339 2542 1522 2606 Menesthe-

288 2653 342 2699 um
366 2635 439 2697 ante
462 2633 521 2697 hoc
543 2634 685 2714 tempus,
722 2651 782 2713 quo
823 2631 960 2714 epistula
995 2631 1112 2712 scripta
1147 2631 1197 2695 est
1231 2632 1287 2696 aut
1310 2631 1428 2714 scripta
1451 2650 1521 2697 esse

288 2722 436 2805 fingitur,
468 2723 629 2786 mortuum
662 2740 731 2786 esse
770 2720 976 2801 Bocchhius1)
1008 2720 1172 2784 confirmat
1203 2720 1328 2786 dicens:
1362 2722 1418 2800 „In
1448 2721 1523 2786 dem

289 2812 408 2876 dritten
439 2811 750 2894 untergesohobenen
780 2810 885 2876 Briefe
917 2810 972 2875 des
995 2809 1227 2876 Demosthenes
1252 2809 1295 2893 (p.
1322 2811 1420 2890 1482)
1444 2810 1522 2876 wird

289 2900 357 2966 sein
381 2900 448 2966 uod
472 2901 647 2984 angefuhrt,
672 2901 800 2967 wonaoh
823 2901 879 2965 ihn
903 2900 970 2965 also
986 2899 1217 2965 Demosthenes
1241 2900 1414 2969 uberlebte.
1460 2901 1523 2966 Zur
1618 2923 1619 2946 r

289 2991 358 3056 Zeit
389 3010 449 3056 von
479 2989 535 3060 Νι.
564 2991 648 3069 XIV,
681 2991 747 3056 also
780 2991 903 3074 Olymp.
940 2991 1043 3068 113,4,
1074 3008 1138 3054 war
1169 3007 1202 3053 er
1232 2989 1320 3054 nicht
1350 2990 1440 3055 mehr
1470 3009 1522 3055 am

289 3081 411 3158 Leben,
443 3080 589 3145 uodurch
621 3080 672 3145 dia
702 3081 833 3162 Angahe
869 3081 901 3143 in
937 3079 1009 3143 dem
1043 3079 1184 3144 falschon
1215 3079 1522 3145 Demosthenischen

290 3169 394 3235 Briefe
417 3169 573 3252 bestdtigt
603 3169 711 3238 wird.“
758 3169 939 3250 Ephialtem
969 3167 1034 3232 fato
1065 3169 1135 3233 urbi
1165 3170 1307 3251 ereptum
1331 3187 1400 3234 esse
1425 3171 1523 3235 etiam

292 3259 373 3342 apud
382 3258 576 3323 Dinarchum
584 3259 720 3323 traditur
732 3258 768 3338 (I,
778 3259 833 3323 33:
849 3257 1047 3342 ἒξὲττλευσευ
1058 3254 1292 3346 'Epiroticae-³
1307 3258 1460 3347 ἀφείλετο
1468 3261 1523 3324 καὶ

291 3357 412 3414 τοῦτον
435 3349 454 3436 η
478 3351 559 3434 τύχη
583 3358 640 3433 της
663 3348 812 3426 πόλεως).
860 3345 1001 3427 Quocum
1032 3347 1169 3429 epistula
1200 3349 1308 3412 nostra
1340 3349 1418 3414 bene
1448 3367 1523 3413 con-

292 3439 386 3523 gruit.
434 3437 555 3502 Eodem
584 3437 735 3502 Dinarchi
765 3438 834 3503 loco
867 3436 963 3501 etiam
993 3436 1187 3520 Euthydious
1224 3437 1368 3519 quidam,
1402 3438 1522 3504 amicus

291 3527 534 3605 Demosthenis,
566 3526 847 3609 nominatur,„qui
878 3527 946 3609 ipse
978 3545 1100 3608 quoque
1123 3527 1225 3592 morte
1250 3527 1371 3593 civitati
1396 3529 1522 3610 ereptus

294 3620 351 3686 est.
400 3615 501 3695 Quare
536 3615 678 3695 fuerunt,
714 3616 783 3698 qui,
818 3617 855 3680 ut
890 3615 1084 3680 Schmidtius
1118 3617 1150 3680 ot
1181 3615 1336 3699 Sauppius
1368 3617 1408 3682 ad
1438 3617 1521 3682 hunc
1617 3687 1618 3702 ,

292 3706 444 3772 Dinarchi
467 3706 582 3784 locum,
606 3724 676 3769 cum
700 3705 732 3770 in
757 3709 865 3772 nostra
890 3705 1026 3788 epistula
1049 3723 1111 3769 una
1134 3725 1206 3770 cum
1222 3706 1368 3789 Ephialte
1385 3707 1522 3771 Eudious
1617 3717 1618 3725 ’

294 3796 423 3878 quidam
446 3794 577 3859 eandem
602 3797 720 3860 sortem
744 3797 888 3878 expertus
909 3796 1178 3876 commemoretur,
1201 3796 1295 3860 illum
1311 3796 1524 3880 Euthydicum

295 3887 327 3950 et
349 3886 432 3949 huno
461 3883 616 3949 Eudicum
647 3903 716 3949 esse
748 3885 882 3950 eundem
909 3884 1151 3966 suspicarentur.
1198 3883 1300 3965 Quam
1331 3886 1524 3952 sententiam

294 3973 439 4057 probavit
453 3973 635 4039 Dindorfius
660 3974 777 4040 addens
801 3975 877 4040 haec
901 3974 1012 4039 verba:
1038 3973 1158 4054 „Quam
1181 3975 1220 4040 ob
1243 3994 1311 4040 rem
1335 3975 1415 4041 alter
1433 3976 1523 4040 locus

296 4084 332 4128 ex
356 4064 454 4128 altero
479 4063 680 4147 corrigendus
704 4065 837 4144 videtur,
862 4063 928 4128 sive
953 4063 1089 4141 Εὔδικος
1116 4064 1182 4130 sire
1206 4063 1392 4142 Εὐθύδικος
1414 4083 1524 4129 vemm

295 4154 356 4218 fuit
387 4153 445 4217 viri
477 4156 619 4222 nomen“.
666 4155 803 4220 Difficile
836 4156 885 4218 est
916 4153 1104 4218 alterutrum
1138 4141 1252 4219 nomen
1288 4154 1413 4238 eligere.
1460 4152 1524 4218 Sed

407 4442 432 4507 1)
454 4435 483 4493 [ι.
502 4439 521 4493 l.
539 4441 604 4493 torn.
624 4438 668 4493 III
686 4438 907 4510 (Securlrunden),
927 4456 953 4512 p.
973 4441 1034 4495 244.
