3288 5070
801 325 961 430 *aa—

265 527 360 597 Phor·
363 547 417 594 rm
428 525 450 606 1)
488 525 625 592 exstant:
669 533 831 593 τοσοῦτον
870 525 904 594 δὲ
939 529 1054 594 πόθον
1089 523 1193 594 αὑτοῦ
1226 526 1281 592 καὶ
1315 525 1394 593 αίδιῖι
1429 540 1499 606 τοῖς

266 616 494 707 Αθηναίοις’
481 622 653 704 ενεποίησε
678 617 934 700 πολιτευόμενος
957 621 1012 692 (su.
1033 615 1260 700 Lycurgus),
1242 642 1287 694 ιος
1302 617 1498 705 αἰτήσαντος

266 709 370 775 αὐτὸν
393 707 610 792 Αλεξάνδρου
633 716 693 771 τοῦ
718 707 927 809 βασιλείης(
911 707 1024 792 ιάοπερ
1048 709 1102 772 καὶ
1125 708 1203 784 τοὺς
1225 707 1344 784 ἄλλους
1364 707 1499 795 ὁδήμος

266 798 306 864 οὐ
331 802 507 886 προήκατο.
557 795 686 861 Suidam
709 815 790 874 vero,
808 797 909 876 quiin
926 796 1024 860 lexico
1044 815 1100 862 suo
1118 797 1176 862 sub
1194 815 1269 862 voca
1281 793 1499 908 Αντίπατρος

265 891 443 972 Lycurgum
475 886 513 951 ab
537 886 705 998 Antipatro
737 886 936 968 postulatum
966 905 1035 950 esse
1059 888 1167 952 narrat
1197 889 1344 994 (νικήσας
1371 884 1449 952 δὲ”
1428 913 1498 974 ιητει

266 979 344 1054 τοὺς
360 976 469 1042 δέκαε
453 981 599 1064 ρήτορας,
619 977 676 1051 οὓς
692 973 847 1058 ἐξέδοσαν
863 972 1045 1063 Αθηναῖοι,
1064 970 1310 1062 Δημοςθένην(
1320 980 1344 1038 Υ
1344 999 1423 1063 περε
1426 977 1498 1063 ίδην

266 1075 470 1170 Λυκοῦργον
491 1070 554 1146 -,)
582 1083 701 1129 errasse
726 1065 865 1142 constat
898 1065 1047 1146 quoniam
1078 1066 1237 1148 Lycurgus
1271 1066 1330 1131 hoc
1357 1067 1498 1148 tempore

266 1177 328 1222 non
363 1157 428 1221 iam
461 1155 495 1220 iu
530 1155 610 1218 vivis
648 1156 724 1222 erat.
777 1153 823 1222 Cf.
859 1115 971 1220 'Meteri
1014 1156 1313 1220 commentationem
1359 1155 1397 1219 de
1434 1156 1499 1220 vita

265 1246 401 1330 Lycurgi
432 1263 511 1327 quae
542 1244 711 1308 Plutarcho
736 1243 904 1308 ascribitur
933 1265 964 1348 p.
988 1247 1031 1310 33
1056 1263 1121 1325 seq.
1126 1243 1160 1322 2).
1209 1242 1308 1327 Supra
1338 1245 1402 1309 iarn
1426 1263 1496 1328 pag.

267 1339 284 1401 l
311 1334 597 1400 demonstravimus
629 1352 665 1398 ea
696 1334 805 1411 verba,
839 1353 917 1415 quae
945 1335 977 1398 iu
1004 1335 1058 1403 vit.
1082 1336 1212 1402 Xorat.
1236 1354 1267 1416 p.
1293 1336 1355 1399 841
1381 1336 1406 1399 Ε
1430 1334 1497 1412 (vit.

265 1425 540 1508 montegnetum
573 1421 609 1488 ἐν
640 1435 709 1511 τοῖς
736 1383 954 1536 δικαστηρίοις
984 1424 1021 1488 τὸ
1046 1435 1150 1512 φήσαι
1172 1431 1391 1525 Λυκοῦργον
1397 1422 1498 1490 ἐδόκει

265 1519 421 1602 βοήθημα
445 1509 530 1580 εἶναι
552 1519 599 1598 roi
622 1535 837 1600 συναγορευοι
825 1518 923 1598 με’νιιιι,
950 1513 1077 1578 fluxisse
1101 1512 1200 1578 videri
1225 1533 1261 1578 ex
1276 1514 1326 1577 bis
1344 1513 1498 1595 epistulae

266 1605 379 1720 tertiae
403 1603 421 1686 ξ
447 1605 466 1667 6
492 1602 609 1667 verbis:
642 1602 749 1668 πολλὰ
780 1611 847 1668 τῶν
871 1602 1047 1668 δικαίιυν’
1034 1628 1070 1669 εν
1101 1609 1147 1688 τῷ
1171 1613 1275 1690 φήσαι
1298 1611 1498 1690 Λυκοῦργον

267 1693 418 1782 ἐκρίνετε.
466 1693 600 1757 Parvum
623 1693 730 1756 tamen
747 1691 957 1756 differentiam
973 1692 1056 1758 inter
1072 1693 1239 1774 utrumque
1256 1693 1360 1756 locum
1377 1695 1498 1758 exstare

266 1784 366 1850 Meier
389 1783 411 1851 l.
434 1783 458 1852 l.
482 1802 512 1864 p.
537 1783 579 1846 35
597 1781 686 1848 vidit.
734 1780 820 1860 Quae
845 1781 930 1846 enim
953 1783 985 1846 iu
1006 1782 1151 1864 epistulis
1168 1783 1200 1846 iu
1217 1781 1399 1847 universum
1415 1782 1495 1848 dicta

267 1876 358 1951 sunt,
394 1891 431 1937 ea
466 1871 547 1953 apud
579 1870 927 1936 Pseudo-Plutarchum
963 1871 1002 1936 ad
1033 1872 1185 1936 iudicium
1216 1871 1320 1936 solum
1352 1871 1400 1949 (ἐν
1431 1884 1500 1948 τοῖς

267 1965 495 2049 δικαστηρίοις)
520 1961 706 2028 referuntur.
753 1959 873 2024 Eadem
896 1960 1029 2026 Photius
1061 1961 1083 2030 l.
1108 1962 1129 2030 l.
1154 1960 1270 2026 tradit:
1303 1961 1352 2026 διὸ
1383 1963 1498 2027 καὶτὸ

267 2054 366 2137 λόγον
388 2053 464 2116 τινὰ
488 2062 698 2138 προενεγκεῖν
715 2047 752 2114 ἓν
775 2061 844 2126 τοῖς
868 2049 1086 2137 δικαστηρίοις
1108 2050 1194 2137 ὑπὲρ
1218 2050 1360 2117 ὁτουοῦν
1376 2051 1499 2138 μεγάλη

267 2148 314 2226 τιιῖι
337 2144 619 2226 συναγορευθίντι
642 2143 781 2226 βοήθεια
805 2138 957 2224 ἐγίγνετο.
1006 2140 1068 2204 Res
1093 2159 1164 2205 vero
1188 2140 1273 2222 ipsa,
1298 2142 1334 2204 ut
1357 2141 1499 2206 Wester·

267 2249 401 2296 maurus
425 2231 457 2294 in
483 2228 620 2293 editione
644 2228 699 2296 vit.
746 2229 776 2292 X
800 2231 877 2296 orat.
902 2249 932 2311 p.
950 2231 990 2294 61
1006 2232 1067 2295 n.8
1084 2231 1223 2308 annotat,
1247 2230 1306 2294 hoo
1321 2230 1498 2312 fragmento

268 2319 420 2386 orationis
445 2317 576 2384 alicuius
603 2318 866 2383 Demosthenicae
891 2319 972 2400 apud
992 2319 1149 2384 Rutilium
1172 2320 1295 2401 Lupum
1318 2319 1356 2383 de
1380 2319 1432 2402 fig.
1456 2321 1499 2398 ΙΙ,

168 2466 170 2470 .
267 2411 437 2476 asservato
462 2408 679 2473 confirmatur:
713 2409 835 2490 „Atque
861 2426 918 2490 ego
942 2409 1044 2487 illum,
1069 2409 1198 2486 iudicas,
1225 2408 1360 2473 arbitror
1382 2410 1500 2492 Lycur-

267 2519 343 2584 gum
366 2497 563 2564 laudatorem
585 2496 819 2579 producturum,
844 2497 966 2562 scilicet
989 2498 1042 2578 qui
1067 2499 1110 2563 sit
1134 2498 1227 2563 testis
1245 2499 1312 2562 eius
1328 2498 1440 2581 pudori
1463 2519 1500 2564 ac

266 2589 429 2674 probitati.
477 2586 537 2652 Sed
561 2605 618 2668 ego
635 2588 813 2670 Lycurgum
837 2587 925 2652 vobis
940 2589 1159 2668 praesentibus
1176 2588 1235 2652 hoc
1251 2607 1349 2652 uuum
1365 2589 1500 2654 interro-

267 2679 365 2763 gabo,
399 2677 516 2742 velitne
549 2695 582 2740 se
614 2675 753 2740 similem
777 2694 847 2740 esse
871 2676 1076 2742 illiusfuctis
1105 2680 1137 2742 et
1159 2678 1309 2746 moribus.
1357 2677 1446 2757 Quod
1471 2679 1501 2743 si
1612 2751 1613 2775 ι

267 2767 400 2850 negarit,
425 2766 503 2831 satis
527 2765 646 2830 factum
669 2765 758 2830 vobis
783 2784 852 2830 esee
877 2765 914 2830 de
939 2767 1071 2832 veritate
1096 2770 1206 2834 nostra
1230 2767 1387 2834 debebit.“

373 2857 441 2922 Nec
465 2875 537 2920 vero
561 2855 665 2920 minus
682 2856 766 2919 iuter
783 2874 817 2919 se
834 2874 870 2920 aa
887 2859 1070 2938 congruunt,
1088 2877 1166 2938 quae
1184 2857 1222 2922 de
1238 2857 1373 2940 Lycurgi
1388 2857 1499 2922 liberis

267 2949 299 3013 at
322 2947 355 3012 iu
380 2946 516 3029 epistula
540 2947 572 3010 et
595 2945 627 3008 iu
642 2945 776 3028 Lycurgi
792 2945 866 3010 vitis
884 2948 1059 3015 narrantur.
1105 2949 1224 3012 Auctor
1240 2948 1347 3012 autem
1363 2947 1501 3012 vitarum

267 3037 375 3102 decem
399 3037 567 3112 oratorum,
591 3034 641 3099 cui
665 3037 789 3099 nostras
807 3035 959 3116 epistulas
976 3038 1067 3100 notas
1084 3037 1182 3102 fuisse
1198 3036 1291 3102 modo
1309 3055 1500 3102 commemo-

266 3127 415 3205 ravimus,
440 3144 514 3190 saue
539 3125 636 3189 etiam
660 3143 696 3188 er
721 3123 792 3188 aliis
817 3123 956 3188 lontibus
980 3125 1096 3194 hausit.
1143 3127 1194 3191 lta
1215 3125 1292 3190 dicit
1278 3127 1501 3192 tDemosthc-

266 3216 316 3280 uis
340 3215 477 3298 epistula
501 3214 647 3278 effectum
670 3231 756 3290 esse,
788 3214 824 3276 ut
851 3214 985 3296 Lycurgi
1008 3214 1101 3280 liberi
1124 3236 1161 3281 re
1183 3234 1256 3281 vera
1278 3216 1498 3286 liberarentur.

266 3305 356 3370 Idem
379 3307 415 3370 ut
437 3305 496 3369 hoc
520 3302 675 3381 addam,
667 3323 700 3366 ru
716 3302 882 3368 Aeschinis
907 3322 985 3384 quae
1002 3304 1100 3370 fertur
1117 3323 1164 3388 ep.
1181 3305 1268 3383 ΧΙΙΙ,
1290 3307 1329 3370 14
1346 3305 1446 3370 tradit
1432 3308 1498 3370 t:ur

265 3397 320 3461 καὶ
343 3397 420 3482 περὶ
442 3395 504 3478 μὲν
524 3417 591 3458 τιον
607 3395 809 3477 Λυκούργου
826 3397 889 3456 παί
877 3393 957 3458 ίδιον
974 3399 1017 3458 Aa
1016 3395 1244 3507 ιμοσδίνης“ι
1212 3421 1232 3460 υ
1246 3406 1291 3460 ιῖν
1315 3394 1501 3461 ἐπιστέλλει

266 3523 307 3532 -
339 3488 393 3550 καί
424 3483 516 3599 ὑμεῖς
546 3481 643 3548 ουδὲν
671 3480 741 3546 ’ἄλλ’
773 3483 792 3568 ή
817 3480 1049 3585 Αδηναίιον”
1032 3509 1136 3569 ερμον,
1163 3483 1356 3572 ἐλεήσαντες
1378 3484 1501 3564 αὐτους

265 3601 318 3640 και
333 3578 556 3686 χαρισάιιενοι,
575 3570 761 3659 ἐποιήσατε.
799 3570 960 3636 Confert
929 3575 960 3636 ct
961 3573 1025 3638 iam
1042 3574 1145 3638 Phoc·
1110 3576 1148 3638 11
1164 3573 1333 3644 blblll
1359 3575 1500 3662 deceperas

265 3670 380 3748 μέντοι
403 3667 542 3776 τοάτρυς
565 3666 618 3738 (sc.
636 3661 769 3745 Lycurgi
793 3661 921 3738 liberos)
951 3661 1128 3748 ήάιίιιοσαν,
1154 3669 1219 3752 Ληι
1221 3663 1437 3742 ιοσάένους
1424 3688 1500 3730 επι-

265 3777 322 3820 στε
324 3751 498 3829 ίλαντος’
480 3752 548 3816 απὸ
561 3761 618 3838 τῆς
630 3761 736 3848 ηιυιής
759 3763 827 3828 τοῖς
840 3747 1088 3904 ιΑθηναίοις(
1071 3778 1115 3830 ιος
1131 3755 1188 3822 cet.
1235 3755 1375 3818 Fuerunt
1392 3756 1500 3820 autem

266 3843 319 3924 qui
343 3843 465 3908 differre
488 3841 571 3905 iuter
595 3859 628 3904 se
640 3840 785 3924 Lycurgi
818 3840 848 3904 vi
850 3842 916 3906 tam
948 3841 1029 3926 apud
1061 3843 1198 3910 Pseudo·
1201 3842 1407 3908 Plutarchum
1431 3863 1498 3908 ser-

265 3935 372 3997 vatam
408 3933 440 3997 et
474 3931 569 3996 verba
604 3929 844 4012 epistulaea
794 3931 844 3994 sta
845 3932 978 3999 tuerent.
1025 3931 1062 3995 In
1092 3933 1150 3998 illa
1182 3933 1266 3998 enim
1296 3932 1372 3997 haec
1404 3935 1499 4000 verba

264 4021 375 4086 insunt
412 4027 452 4104 (p.
485 4021 550 4086 842
585 4020 643 4101 D):
688 4019 926 4096 candosoccos
966 4018 995 4086 δ’
1031 4020 1134 4088 αὐτοῦ
1183 4022 1380 4110 παρέδωκαν
1421 4024 1501 4101 τοὺς

268 4205 480 4212 .-.--..--.-

374 4311 398 4373 l)
416 4309 449 4362 In
467 4309 533 4362 bibl.
554 4307 610 4362 cod.
629 4311 681 4362 268
701 4324 732 4360 ex
752 4324 803 4362 rec.
823 4308 937 4362 Beklreri
956 4325 981 4377 p.
1001 4311 1062 4362 497.

372 4401 397 4464 2,
420 4398 452 4452 Iu
470 4398 629 4468 Kiesslingii
649 4397 713 4452 edit.
732 4398 829 4468 fragm.
850 4397 974 4471 Lycurgi.
