3288 5070
830 381 989 486 „ee-

292 578 339 665 μδι
363 583 441 659 τοὺς
462 586 566 660 θεούς
589 581 621 668 (ξ
644 580 679 669 3)
704 585 736 648 et
760 585 844 672 πρὸς
866 584 947 660 Διὸς
969 587 1079 667 ξενίου
1102 583 1156 648 καί
1180 585 1319 648 πάντων
1342 592 1408 648 τῶν
1429 589 1510 650 θεῶν

294 672 326 755 (ξ
352 672 384 755 1)
415 671 568 751 traditur,
599 691 677 755 quae
709 673 884 738 obsecratio
913 692 974 738 non
999 672 1100 755 magis
1125 671 1387 737 Demosthenieae
1409 673 1510 737 rationi

293 761 471 842 respondet,
496 781 589 844 quam
614 781 693 844 quae
718 763 873 828 secundae
900 761 1055 845 epistulae
1079 761 1199 826 inserte
1223 763 1281 830 est.

400 851 476 916 Eius
501 851 793 932 „dissimulationis
819 871 912 935 quam
930 849 1041 916 Graeci
1058 850 1227 938 εἰρωνείαν
1243 851 1411 930 vocant“,¹)
1427 871 1512 916 unum

292 941 326 1005 in
350 941 496 1022 epistulis
518 941 603 1006 inest
619 942 797 1024 exemplum
814 945 907 1024 atque
924 940 1127 1023 aptissimum
1143 959 1200 1005 neo
1216 959 1288 1004 vero
1306 941 1374 1005 sine
1391 941 1512 1023 quadam

292 1029 327 1096 ‘vi
347 1029 504 1112 positum:
530 1030 558 1095 ei
581 1031 615 1096 δὲ
639 1032 677 1096 τδ
702 1033 885 1119 περιφανὲς
907 1031 1034 1115 ἀξίωμα
1053 1040 1110 1118 τῆς
1124 1032 1244 1117 βουλῆς
1259 1027 1330 1116 (τῆς
1345 1029 1380 1114 ἐξ
1399 1027 1513 1118 Ἀρείου

295 1119 418 1205 πάγου)
445 1121 671 1206 προσβλέπετε
696 1119 754 1206 (ep.
778 1123 835 1201 III,
859 1119 926 1206 42).

399 1209 637 1274 Praeteritionis
668 1209 769 1294 figura
800 1211 1024 1297 (παράλειψις)
1056 1209 1089 1274 in
1113 1209 1259 1292 epistulis
1285 1210 1410 1292 saepius
1435 1209 1514 1274 adhi-

291 1297 360 1362 bita
392 1301 456 1364 est:
490 1297 532 1364 ίιῖι
564 1299 635 1367 sim.
668 1319 715 1382 ep.
740 1300 781 1381 ΙΙ,
808 1301 857 1380 10,
890 1319 939 1383 ep.
963 1300 1021 1380 ΙΠ,
1049 1301 1098 1379 19,
1122 1318 1169 1382 ep.
1194 1299 1248 1378 IV,
1273 1301 1302 1378 l,
1327 1299 1513 1386 παραλείπω

293 1387 406 1470 epil,
433 1389 484 1456 12.

399 1477 564 1558 Formula,
589 1497 650 1560 qua
674 1478 881 1561 epistularum
906 1479 1012 1544 auctor
1035 1478 1173 1543 lecturos
1197 1476 1379 1559 alloquitur,
1405 1496 1516 1560 semper

293 1565 402 1632 eadem
426 1569 490 1631 cst:
515 1561 540 1631 ὦ
564 1567 681 1654 ἄνδρες
695 1565 877 1656 Ἀθηναῖοι,
904 1587 983 1651 quae
1006 1586 1179 1650 numquam
1200 1567 1234 1632 in
1250 1565 1342 1632 initio
1359 1566 1517 1644 enuntiati,

293 1655 349 1720 sed
371 1657 445 1738 post
467 1657 563 1721 verba
586 1657 708 1739 aliquot
731 1661 780 1723 est
803 1657 917 1740 posita.
964 1657 1127 1722 Invenitur
1150 1657 1256 1722 autem
1276 1656 1310 1720 in
1327 1657 1406 1721 solis
1424 1657 1517 1720 tribus

291 1745 403 1827 primis
429 1745 593 1828 epistulis;
619 1747 651 1810 in
677 1747 787 1828 quinta
811 1766 883 1812 vero
907 1747 957 1812 illi
980 1747 1134 1812 formulae
1164 1745 1287 1812 nullum
1314 1746 1424 1811 locum
1452 1746 1518 1810 reli-

286 1836 380 1900 ctum
403 1832 501 1900 fuisse
524 1835 598 1900 inde
623 1839 761 1919 apparet,
783 1836 864 1919 quod
880 1837 957 1902 haec
974 1837 1111 1919 epistula
1127 1855 1189 1902 non
1206 1836 1246 1900 ad
1262 1837 1412 1900 senatum
1428 1855 1518 1918 popu·

290 1924 420 2008 lumque
442 1925 695 2005 Atheniensium,
720 1926 776 1991 sed
800 1926 839 1991 ad
862 1926 1023 1991 hominem
1046 1926 1205 2008 privatum
1229 1923 1303 1990 data
1327 1927 1388 1993 est.

398 2015 504 2079 Etiam
535 2015 799 2098 interrogationes
828 2035 907 2098 quae
931 2016 1078 2081 dicuntur
1100 2013 1290 2094 rhetoricae,
1323 2034 1398 2080 eum
1423 2033 1441 2080 a
1464 2015 1519 2078 De·

291 2103 456 2169 mosthene
491 2123 642 2187 persaepe
675 2105 900 2185 adhibeantur,
936 2105 1081 2188 epistulis
1114 2104 1283 2170 nonnullae
1315 2105 1519 2180 eontinentur,

290 2193 338 2257 ita
361 2192 505 2276 quidem,
534 2195 570 2259 ut
594 2194 799 2276 quibusdam,
822 2195 856 2260 id
880 2195 962 2277 quod
987 2215 1057 2259 oum
1081 2193 1306 2260 Demosthenis
1331 2195 1457 2259 ratione
1479 2193 1520 2256 di-

291 2281 381 2347 cendi
405 2283 484 2348 bene
506 2283 659 2366 congruit,
683 2284 904 2367 responsiones
922 2284 1087 2351 adiunctae
1104 2285 1178 2352 sint.
1225 2283 1269 2349 Ut
1286 2285 1432 2367 exemplo
1449 2283 1520 2360 utar,

291 2390 339 2454 ep.
371 2371 420 2452 ΙΙ,
455 2373 494 2438 15
527 2374 740 2456 compluribus
771 2374 1072 2457 interrogationibus
1104 2393 1174 2438 oum
1205 2373 1362 2456 gravitate
1393 2373 1522 2456 quadam

289 2461 348 2528 hoc
365 2479 551 2544 responsum
569 2462 720 2528 adicitur:
746 2463 786 2530 ου’
803 2467 863 2552 γὰρ
880 2463 971 2532 ἔστιν
987 2462 1102 2540 οὐδείς.
1149 2462 1252 2528 Alteri
1268 2460 1520 2548 interrogationi:

290 2559 364 2628 πῶς
393 2551 468 2618 ἴσον
499 2551 570 2618 ἐστί
601 2556 659 2622 cet.
689 2556 797 2618 auctor
819 2554 888 2636 ipse
913 2553 1081 2636 respondet
1103 2552 1171 2617 his:
1208 2550 1357 2638 ἐγὼμὲν
1382 2552 1444 2619 οὐκ
1468 2549 1523 2633 ἐ’χω

290 2640 568 2725 συλλογίσασθαι,
605 2642 634 2706 εἰ
663 2648 707 2730 μή
739 2645 798 2708 cet.
831 2649 889 2725 (ep.
919 2643 984 2721 Ill,
1018 2645 1080 2721 ll).
1128 2641 1364 2724 Comparandus
1400 2644 1451 2707 est
1479 2640 1523 2704 hic

291 2747 413 2812 quoque
445 2730 552 2796 locus:
589 2729 731 2818 ἐρωτᾶτε
756 2770 814 2815 -,
847 2738 897 2810 τίς
929 2727 990 2800 οὖν
1021 2731 1124 2798 αὐτὸν
1151 2732 1269 2797 κωλύει
1292 2743 1456 2819 παρεῖναι
1477 2730 1525 2794 καὶ

290 2827 394 2886 ταῦτα
426 2823 602 2907 πράττειν·
633 2821 671 2886 τὸ
702 2820 908 2888 ἐπίστασθαι
939 2821 1159 2905 αἰσχύνεσθαι
1190 2822 1249 2889 oet.
1280 2826 1340 2903 (ep.
1374 2821 1441 2902 ΙΙΙ,
1465 2822 1523 2896 39).

289 2907 363 2973 Non
393 2909 500 2974 minus
533 2910 674 2976 conferas
700 2931 748 2994 ep.
773 2913 828 2992 IV,
852 2913 891 2978 6:
924 2917 956 2976 τί
979 2907 1041 2978 οὖν
1064 2911 1134 2977 ἐστι
1156 2915 1250 2988 θεαῖς
1273 2909 1446 2998 ἐξαίρετον
1471 2911 1524 2976 oct.

289 2998 499 3064 Transitionis
525 3002 632 3066 autem
655 3001 816 3068 faciendae
840 3021 935 3067 eausa
958 3019 1005 3084 ep.
1030 3002 1091 3081 Ι,6
1116 3001 1344 3084 interrogatur:
1368 3005 1449 3067 τίνα
1471 2993 1526 3065 οὖν

290 3085 359 3152 ἐστι
384 3098 507 3169 ταυια;
553 3091 740 3156 Interieotae
766 3093 841 3156 sunt
863 3090 1024 3158 interdum
1046 3090 1270 3174 parenthetica,
1294 3091 1331 3154 ut
1349 3089 1399 3156 ita
1417 3090 1526 3162 dicam,

289 3177 439 3258 parvulae
463 3177 617 3260 quaedam
640 3181 921 3264 interrogationes
945 3182 982 3246 ut
1006 3200 1053 3264 ep.
1077 3180 1134 3258 ΙΙΙ,
1159 3182 1218 3245 37:
1251 3178 1388 3261 οἵτινες,
1426 3175 1453 3245 ὦ
1478 3177 1525 3265 (τί

279 3265 332 3351 Δδιν
357 3265 463 3332 εἰπὼν
485 3261 568 3354 μήδ’
591 3267 749 3352 ἁμαρτεῖν
773 3271 904 3358 δοκοίην
926 3275 1008 3368 pejus
1025 3275 1218 3358 ψευσαίμην
1226 3274 1248 3350 ,·)
1271 3269 1348 3334 λίαν
1364 3269 1525 3356 ὀλίγωροι,

290 3373 424 3438 quocum
447 3356 530 3421 hune
553 3357 659 3422 locum
683 3359 840 3424 conteras:
866 3356 921 3425 εἶτ’
947 3369 973 3426 ω
992 3397 1032 3406 -
1050 3365 1082 3424 τί
1099 3360 1141 3425 ἂν
1164 3359 1270 3425 εἰπών
1294 3363 1331 3423 σε’
1347 3383 1401 3436 τις
1418 3359 1527 3445 ὀρθῶς

290 3449 470 3532 προσείποι
478 3471 487 3526 ,·
511 3465 555 3514 or.
583 3448 689 3528 18,22,
713 3449 913 3533 similemque
937 3451 1043 3516 locum
1058 3449 1319 3516 Westermannus
1345 3467 1382 3512 er
1402 3448 1527 3514 Aristo·

289 3533 403 3616 phanis
435 3535 570 3601 nubibus
597 3539 682 3604 1382
707 3539 926 3623 depromptum
951 3535 990 3624 (ὦ
1015 3575 1056 3586 -
1081 3543 1113 3603 τί
1136 3536 1166 3604 α’
1191 3538 1286 3614 ε’ίιτω)
1311 3537 1416 3608 affert.
1467 3537 1529 3602 Nec
1599 3591 1600 3594 ,

289 3641 362 3688 vero
387 3623 480 3690 aliter
502 3645 553 3690 res
578 3645 611 3692 se
635 3627 731 3694 habet
755 3649 802 3712 ep.
827 3630 881 3710 IV,
905 3633 941 3696 8:
966 3628 1006 3695 οὐ
1028 3632 1134 3712 μόνον
1155 3634 1201 3714 τῷ
1215 3630 1259 3715 μὴ
1276 3627 1528 3693 δεδουλευκέναι

290 3710 409 3797 (καίτοι
441 3719 473 3778 τί
503 3712 673 3802 τηλικοῦδ’
708 3717 868 3805 ἕτερον),
903 3720 985 3785 ἀλλά
1010 3719 1068 3788 cet.
1115 3718 1165 3783 Ad
1189 3716 1401 3796 sententiam,
1439 3735 1530 3800 quam

277 3803 397 3868 ὀυσλοτ
427 3803 556 3886 probat,
588 3806 833 3874 confirmandam
865 3809 965 3875 semel
993 3807 1178 3874 exclamatio
1202 3808 1281 3872 bene
1306 3805 1459 3872 adhibita
1484 3807 1529 3870 est

288 3891 375 3972 haee,
400 3911 445 3976 ep.
470 3895 526 3974 ΙΙΙ,
550 3895 611 3960 43:
637 3895 697 3979 οὐχ
720 3899 825 3976 οὕτως
849 3897 942 3982 ὑμεῖς
965 3898 1146 3984 ἀλογίστως
1169 3895 1266 3979 ἐ’χετε,
1286 3915 1429 3979 quacum
1448 3915 1531 3961 eom·
1598 3965 1599 3978 ,

287 3999 379 4062 pares
404 4001 446 4051 or.
474 3985 587 4064 18‚11:
614 3984 674 4068 οὐχ
693 3987 779 4053 οὕτω
796 3992 999 4076 τετύφωμαι.
1047 3986 1109 4053 Sed
1125 3988 1161 4050 ut
1178 3985 1260 4069 apud
1275 3986 1531 4051 Demosthenem

288 4069 357 4134 fieri
381 4072 472 4152 solet,
496 4073 543 4138 ita
566 4075 662 4140 etiam
686 4077 718 4140 in
745 4077 890 4160 epistulis
915 4078 1037 4143 mediae
1061 4077 1237 4142 structurae
1255 4075 1417 4142 formulae
1437 4094 1533 4160 quae-

289 4157 371 4240 dam,
397 4163 505 4243 quales
531 4159 665 4231 suntad
689 4161 749 4233 οἶδ’
772 4168 823 4232 ὅτι
847 4168 928 4250 εἰσι,
952 4166 1159 4251 interpositae
1183 4167 1266 4246 sunt,
1291 4165 1394 4230 veluti
1424 4186 1475 4250 ep.
1493 4163 1531 4242 Η,

289 4337 502 4352 “-----σ-

399 4446 424 4516 1)
444 4447 483 4502 Of.
504 4445 559 4504 Oie.
579 4449 626 4504 Ao.
645 4453 670 4520 2,
690 4453 715 4516 5,
738 4455 777 4506 15.
