3288 5070
755 309 775 374 9

148 513 355 596 μνησθέντες
378 505 637 593 έγκαλύψασθέέ
663 511 719 586 (z
744 525 790 589 ep.
815 507 871 583 III,
894 505 960 584 42).
1007 505 1128 571 Deinde
1152 505 1376 589 Hermogenes,

149 597 203 662 ubi
234 599 333 684 „accpi
362 597 566 686 βαρύτητοςίί
599 596 692 675 dicii,
716 597 793 661 haee
817 597 944 678 exponit
955 594 996 682 ¹):
1031 596 1278 683 παραδείγματα
1311 604 1378 661 τῶν

149 687 288 754 ἐννοιῶν
311 690 440 753 τούτων
473 688 581 752 πολλὰ
612 685 649 754 ἐν
679 710 714 750 τε
745 693 784 774 τῇ
814 685 900 772 ύπὲρ
932 695 1000 752 τῶν
1022 689 1224 772 Λυκούργου
1248 685 1379 751 παίδων

149 776 307 864 ἐπιστολῇ
338 777 392 841 καὶ
424 775 460 842 ἐν
491 783 531 864 τῇ
563 777 639 863 περὶ
669 786 726 862 τῆς
752 775 872 841 ἑαυτοῦ
895 776 1053 841 καόόδου.
1079 773 1116 840 ἐν
1138 780 1252 858 μέντοι
1276 778 1378 862 ταύτῃ

148 868 203 932 καί
233 867 271 930 τό
304 870 480 950 προοίμιον
511 865 615 942 εὐθὺς
645 869 797 931 τοιούτόν
828 863 919 930 ἐστιν
954 865 1062 946 ἅπαν,
1101 862 1172 930 οῖον
1204 863 1379 950 ,ἐνόμιζον

148 957 211 1039 μὲν
234 949 290 1042 ἀφ’
317 950 365 1020 ὧν
389 953 638 1042 ἐπολιτευόμην,
665 953 725 1035 ούχ
748 955 840 1030 ὅπως
862 955 965 1042 μηδὲν
988 953 1074 1037 ὑμᾶς
1093 953 1223 1036 ἀδικῶν,
1242 962 1379 1019 τοιαῦτα

151 1045 351 1111 πείσεσθαί(
375 1045 430 1109 καὶ
453 1046 494 1109 τὰ
517 1043 598 1131 ἑξῆς.
645 1043 752 1108 Etiam
775 1043 808 1107 in
833 1044 1078 1124 commentariis,
1104 1043 1156 1126 qni
1181 1043 1219 1108 ad
1244 1044 1378 1108 Hermo·

150 1134 239 1217 genis
264 1133 383 1216 scripta
406 1133 481 1198 sacti
506 1136 589 1211 sunt,
614 1133 740 1215 saepius
765 1135 890 1198 nostrae
911 1133 1066 1215 epistulae
1085 1134 1378 1201 commemorantur.

149 1217 1379 1310 mmfimmffimmffimmmwwfflmmemfflmssm-

148 1317 311 1396 μόνευσεν
342 1311 379 1378 ἐν
409 1323 478 1389 τοῖς
510 1315 586 1399 περὶ
617 1311 778 1399 εύρέσεων
809 1314 862 1376 καὶ
893 1312 989 1379 ἰδεῶν
1021 1313 1157 1396 βιβλίοις
1187 1309 1377 1396 σύνοψιςέ),

150 1403 207 1468 sub
233 1421 307 1467 voce
332 1407 574 1489 oportunetate
604 1402 687 1466 hunc
717 1401 830 1466 tertiae
862 1402 1017 1483 epistulae
1048 1402 1152 1466 locum
1183 1401 1378 1465 invenimus:

149 1503 207 1580 τῆς
217 1489 495 1579 Ἀριστογείτονος
506 1497 641 1579 κρίσεως
653 1491 926 1578 ἀναμνησθέντες
938 1490 1183 1577 ἐγκαλύψασθε.
1230 1489 1380 1555 Eiusdem

149 1581 212 1646 loci
236 1582 355 1646 mentio
378 1580 416 1645 fit
440 1579 521 1662 apud
545 1581 746 1662 Anonymum
778 1579 932 1662 quendam
957 1582 990 1644 ln
1013 1581 1112 1656 libro,
1144 1580 1196 1661 qui
1231 1582 1280 1644 est
1304 1581 1381 1666 περὶ

152 1674 328 1756 σχημάτων
338 1667 376 1753 ³).
435 1670 591 1735 Maximus
622 1667 816 1746 Planudes4)
848 1670 881 1733 in
916 1670 1045 1734 scholiis
1078 1669 1117 1734 ad
1148 1669 1380 1752 Hermogenem

68 1837 71 1844 1
152 1759 331 1842 epistulam,
345 1778 381 1824 cx
396 1777 457 1841 qua
473 1759 561 1824 loeus
577 1759 633 1823 ille
646 1769 703 1846 της
717 1757 994 1846 Ἀριστογείτονος
1009 1764 1144 1846 κρίσεως
1156 1760 1215 1824 cet.
1234 1760 1379 1840 sumptus

152 1849 209 1927 est,
225 1848 297 1913 alio
322 1867 358 1913 ac
377 1868 434 1914 nos
453 1849 590 1914 solemus
607 1848 733 1913 nornine
758 1847 934 1931 significat;
960 1847 1038 1913 dicit
1056 1847 1155 1913 enim:
1179 1849 1198 1936 ίη
1223 1847 1380 1936 ἐπιστολὴ

152 1935 1460 2026 mffiwmfflwwmaQfflwmwmffifflmmffi'

151 2025 1380 2116 immfflwmmfflmmmfflmwfflfflfflpfflo

152 2135 230 2199 quae
254 2116 411 2182 Maximus
444 2117 482 2182 de
505 2117 718 2182 Demosthene
750 2118 873 2181 narrat:
906 2117 1034 2203 ἀπέδρα
1065 2126 1125 2182 τοῦ
1158 2117 1381 2203 δεσμωτηρίου

150 2209 205 2271 καὶ
228 2206 384 2292 ἀπῆλθεν
415 2206 461 2282 εἰς
493 2213 672 2293 Τροιζῆνα,
706 2211 862 2271 κακεῖθεν
890 2205 936 2282 εἰς
958 2205 1094 2292 Ἄργος,
1114 2207 1197 2271 lidae
1221 2212 1267 2290 τῷ
1290 2206 1380 2293 δημηι

151 2297 210 2372 τὰς
233 2294 411 2372 ἐπιστολὰς
433 2294 617 2360 ἐπιστέλλει
647 2299 787 2375 ταύτας,·
818 2295 901 2376 quod
932 2295 1059 2378 quidem
1090 2315 1152 2359 non
1183 2295 1277 2376 plane
1309 2313 1381 2359 cum

152 2384 270 2450 nostris
296 2384 442 2466 epistulis
467 2385 622 2464 convenit,
648 2385 795 2466 quoniam
819 2385 852 2448 in
876 2385 1013 2449 secunda
1037 2384 1174 2467 epistula
1191 2384 1380 2448 Demosthe-

151 2493 223 2538 nem
248 2475 404 2539 Troezene
429 2476 461 2539 et
491 2473 653 2551 Calauria,
685 2493 747 2539 non
769 2473 864 2558 Argis
895 2473 994 2538 fuisse
1025 2474 1171 2542 traditur.
1218 2473 1324 2538 Etiam
1347 2473 1380 2538 in

150 2561 306 2641 libelloss),
340 2563 393 2646 qni
424 2565 621 2646 nuncupatur
649 2559 813 2630 Ἰωάννου
843 2573 903 2628 τού
934 2564 1129 2629 Σικελιώτου
1160 2562 1309 2650 ἐξήγησις
1335 2562 1381 2640 εἰς

150 2655 208 2730 τὰς
231 2652 318 2730 ἰδέας
341 2662 401 2718 τοῦ
418 2648 641 2739 Ἑρμογένους,
659 2653 885 2718 Demosthenis
904 2653 1060 2736 epistulae
1077 2654 1379 2728 commemorantum

150 2743 250 2807 voluti
274 2742 306 2806 in
329 2742 399 2808 his:
433 2743 472 2807 Ei
502 2743 597 2808 δὲτὸ
630 2744 813 2830 περιφανὲς
836 2742 962 2826 ἀξίωμα
994 2753 1051 2830 τῆς
1073 2743 1201 2829 βουλῆς·
1223 2750 1321 2807 τοῦτο
1346 2740 1380 2807 ἐκ

151 2842 208 2918 τῆς
232 2830 408 2918 ἐπιστολῆς
431 2830 522 2897 ἐστιν
546 2855 649 2897 αυτου
673 2856 730 2918 της
752 2854 838 2918 υπερ
867 2840 926 2896 τού
949 2835 1151 2917 Λυκούργου
1175 2831 1314 2912 παίδων,
1339 2835 1381 2918 ἣν

150 2924 269 3008 γράφει
293 2921 347 2984 καί
370 2919 456 3007 ύπέρ
489 2919 609 2986 ἑαυτοῦ
639 2922 694 2984 καλ
724 2919 810 3006 ύπέρ
841 2923 979 2986 τούτων·
1000 2921 1169 3002 paulloque
1200 2920 1281 2984 infra
1303 2919 1380 2984 haec

151 3011 292 3075 exstant:
318 3007 437 3097 ἐφυγε·
462 3013 582 3098 γράφει
605 3003 666 3076 ούν
689 3008 775 3095 ύπέρ
799 3034 834 3074 τε
858 3018 925 3076 τῶν
948 3013 1150 3096 Λυκούργου
1174 3009 1305 3075 παίδων
1327 3011 1381 3074 καὶ

149 3098 235 3187 ὑπὲρ
259 3109 317 3188 τῆς
339 3099 459 3165 ἑαυτοῦ
483 3100 631 3165 καθόδου
662 3101 723 3186 τὴν
754 3098 933 3186 ἐπιστολὴν
956 3103 1089 3188 ταύτην.
1138 3097 1251 3164 Confer
1275 3099 1380 3180 etiam,

152 3208 231 3271 quae
255 3190 446 3272 sequuntur,
477 3189 532 3254 ubi
563 3188 648 3254 idem
671 3189 727 3253 ille
750 3189 890 3254 Ioannes
922 3189 960 3253 de
985 3189 1057 3254 aliis
1081 3189 1160 3254 locis
1185 3207 1221 3254 er
1245 3188 1381 3254 secunda

149 3278 307 3362 tertiaque
344 3279 482 3362 epistula
520 3278 715 3362 depromptis
754 3279 904 3360 loquitur.
952 3277 1107 3344 Similiter
1143 3280 1181 3343 ab
1216 3280 1380 3362 Anonymo

150 3367 285 3450 quodam
307 3368 342 3433 in
364 3369 464 3448 libre,
495 3368 545 3433 cni
575 3368 761 3433 inscribitur
789 3368 903 3450 σχόλια
927 3367 973 3445 είς
992 3363 1213 3455 Ἑρμογένους
1237 3368 1334 3434 ἰδεῶν
1343 3366 1378 3449 6),

151 3457 313 3539 complura
349 3457 387 3521 de
418 3459 632 3524 Demosthene
669 3457 882 3540 explicantem
918 3457 1002 3522 idem
1038 3477 1133 3522 unam
1166 3477 1201 3522 ex
1233 3457 1380 3539 epistulis

150 3547 227 3633 περί
251 3545 400 3633 ἀφέσεως
422 3547 608 3630 inscriptam
633 3565 702 3612 esse
726 3546 813 3626 dicit,
838 3546 927 3611 addit
951 3549 1056 3612 autem
1079 3547 1173 3612 haec:
1199 3544 1380 3633 ἐπιγράφε-

149 3660 203 3700 ται
226 3636 338 3701 δὲκαὶ
362 3638 437 3724 περὶ
461 3646 528 3703 τῶν
551 3640 753 3722 Λυκούργου
777 3635 917 3702 παίδων.

258 3924 284 3990 l)
304 3921 373 3976 Ibid.
393 3921 443 3987 III,
462 3939 487 3990 p.
507 3924 568 3976 349.

255 4011 283 4080 2)
303 4011 371 4066 Ibid.
391 4010 442 4076 III,
462 4028 488 4082 p.
509 4015 568 4066 707.

255 4101 282 4170 3)
301 4101 370 4156 Ibid.
390 4100 467 4166 VIII,
486 4118 512 4171 p.
533 4103 593 4155 631.

255 4193 280 4256 4)
301 4190 371 4246 Ibid.
392 4190 424 4259 V,
443 4207 470 4260 p.
488 4191 550 4246 495.

256 4280 284 4346 5)
302 4279 371 4334 Ihid.
391 4280 438 4349 VI,
456 4298 483 4350 p.
502 4281 556 4335 253
576 4283 604 4336 et
622 4278 676 4336 254
695 4297 750 4352 seq.

257 4368 646 4440 fflfflfflmfflwa
