3288 5070
678 327 838 440 A
938 289 941 296 ,

143 557 180 606 ex
204 539 315 606 eadem
338 537 477 623 epistula
500 537 631 620 collegit
655 557 673 602 a
695 536 909 602 Demosthene
926 536 1093 602 Platonem
1118 536 1217 602 audiri
1243 537 1374 602 solitum

143 630 241 698 esse.¹

242 630 312 783 idad
334 719 371 782 ut
392 716 558 782 redeamus
583 715 623 780 ad
646 717 794 798 quattuor
817 715 936 799 primas
962 715 1128 798 epistulas,
1162 735 1239 798 quas
1265 735 1373 781 omnes

142 810 176 874 in
200 807 313 874 exsilio
338 805 588 872 aDomcsthene
612 807 747 889 scriptas
772 806 804 870 et
827 804 867 870 ad
884 806 1029 870 senatum
1045 807 1258 888 populumque
1274 805 1374 870 Athe-

143 899 286 964 niensem
310 897 426 962 missas
452 914 521 960 esse
546 895 695 973 diximus,
720 893 857 960 secunda
881 895 1008 977 quidem
1032 894 1170 977 epistula
1185 897 1263 975 tota,
1280 895 1375 960 tertie

143 989 283 1054 extreme
313 987 404 1069 parte
438 985 475 1049 de
498 984 723 1050 Demosthenis
748 983 852 1049 reditu
875 984 909 1048 in
931 983 1067 1067 patriam
1091 985 1168 1068 agit.
1214 985 1251 1049 In
1274 985 1376 1068 prima

143 1096 217 1142 vero
250 1075 388 1159 epistula
418 1074 495 1138 haec
525 1074 691 1159 leguntur:
728 1075 806 1160 περὶ
835 1074 897 1156 μὲν
920 1083 978 1161 τῆς
1001 1071 1079 1161 ἐμῆς
1101 1073 1209 1139 οἴκαδε
1233 1073 1377 1162 ἀφίξεως

144 1166 194 1232 ἀεὶ
225 1170 347 1251 νομίζω
379 1173 485 1229 πᾶσιν
508 1162 587 1248 ὑμῖν
610 1161 749 1228 ἔσεσθαι
771 1164 1027 1247 βουλεύσασθαι,
1053 1163 1168 1250 διόπερ
1192 1171 1255 1230 νῦν
1279 1163 1376 1229 οὐδὲν

145 1257 222 1342 περὶ
245 1253 347 1342 αὐτῆς
371 1258 520 1340 γέγραφα
544 1253 573 1335 (ᾖ
600 1253 640 1332 2),
666 1254 776 1334 quibus
801 1271 872 1317 oum
897 1251 1000 1316 verbis
1024 1252 1101 1316 haec
1126 1252 1266 1317 decimae
1286 1272 1375 1336 para-

145 1343 257 1429 graphi
288 1342 475 1410 conserenda
505 1345 596 1406 sunt:
634 1342 814 1429 παρακαλῶ
846 1339 923 1419 aaa
952 1350 1057 1406 ταῦτα
1081 1340 1121 1406 οὐ
1144 1343 1254 1424 τοχὼν
1278 1341 1377 1420 αὐτὸς

143 1444 201 1521 τῆς
223 1436 378 1520 τοιαύτης
401 1432 662 1519 φιλανθρωπίας
685 1427 762 1519 παρ’
789 1429 904 1513 ἐνίων,
938 1430 1020 1496 ἀλλὰ
1044 1430 1163 1508 ἀδίκως
1184 1433 1239 1496 καὶ
1262 1455 1376 1496 στασι-

144 1531 284 1599 αστικῶς
314 1522 361 1598 είς
390 1524 452 1609 τὴν
482 1520 604 1607 ἑτέρων
633 1524 731 1608 χάριν
755 1525 960 1608 προποθείς,
994 1521 1081 1584 etin
1106 1523 1217 1603 quarta
1241 1521 1378 1604 epistula

143 1613 222 1676 haee
245 1611 363 1675 tradita
387 1611 477 1675 eunt:
501 1613 608 1695 τούτῳ
631 1611 694 1692 μὲν
720 1604 790 1692 οὖν,
817 1609 875 1675 ἐὰν
898 1609 1067 1697 ἀφίκωμαί
1091 1633 1173 1675 ποτε
1192 1612 1246 1675 καί
1263 1617 1375 1692 σωθῶ,

145 1704 347 1787 πειράσομαι
369 1699 585 1786 διαλεχθῆναι
609 1697 640 1784 (ἓ
665 1697 708 1784 2).

252 1789 296 1854 Ut
319 1806 390 1853 vero
414 1787 472 1852 has
497 1788 650 1870 epistulas
674 1789 707 1852 iu
731 1790 851 1853 certum
869 1787 1009 1853 ordinem
1030 1788 1228 1872 redigamus,
1256 1789 1377 1872 primus

145 1878 274 1961 quidem
296 1878 403 1956 locus,
437 1877 464 1941 si
495 1879 621 1960 tempus
645 1877 849 1960 respicimus
883 1877 1038 1943 secundae
1069 1879 1224 1961 epistulae
1256 1878 1377 1944 dandus

145 1968 215 2036 erit.
260 1967 411 2050 Legimus
442 1968 549 2032 autem
580 1967 750 2050 epistulam
783 1986 818 2032 eo
850 1969 991 2050 tempore
1022 1969 1174 2050 scriptam
1198 1987 1285 2048 esse,
1317 1988 1378 2052 quo

145 2057 267 2123 iudices
291 2076 354 2121 non
377 2056 451 2136 iam,
475 2058 637 2137 utentes,
662 2075 733 2122 cum
758 2057 796 2121 de
819 2057 889 2139 ipso
905 2057 1120 2123 Demosthene
1145 2057 1378 2138 diiudicemtm,

145 2147 334 2228 simpliciter
372 2165 409 2210 ea
442 2146 627 2228 probarent,
664 2165 743 2228 quae
778 2146 961 2229 Areopagus
998 2147 1141 2229 quamvis
1182 2149 1378 2232 argumentis

145 2236 244 2300 nullis
270 2235 402 2300 adiectis
426 2235 598 2317 proferret;
624 2235 767 2300 additum
784 2237 833 2300 est
849 2236 998 2317 reliquos,
1022 2237 1075 2319 qui
1093 2237 1190 2302 simul
1213 2257 1285 2302 cunr
1308 2238 1378 2320 ipso

147 2324 290 2390 eiusdem
314 2324 456 2388 oriminis
480 2324 619 2389 accusati
643 2326 766 2404 essent,
791 2344 898 2390 omues
922 2324 1073 2391 liberatos
1106 2345 1175 2391 esse
1209 2331 1269 2410 (ep.
1294 2329 1334 2406 ΙΙ,
1361 2329 1378 2391 1

147 2418 226 2496 seq.)
273 2414 335 2478 His
359 2414 467 2478 tamen
488 2413 591 2478 verbis
608 2415 744 2496 tempus,
761 2433 821 2496 quo
840 2414 977 2497 epistula
994 2415 1112 2498 scripta
1128 2417 1185 2495 est,
1203 2419 1380 2482 accuratius
1504 2467 1508 2495 2

146 2522 209 2568 non
233 2502 391 2572 definitur.
440 2501 616 2568 Secundam
640 2507 747 2568 autem
772 2504 943 2586 epistulam
974 2505 1115 2586 proxime
1139 2507 1229 2588 sequi
1252 2507 1381 2571 tertiam
1504 2520 1514 2580 ζ

147 2611 184 2658 ex
206 2592 256 2658 his
280 2592 395 2657 tertiae
419 2592 576 2675 epistulae
599 2593 711 2675 primis
741 2593 844 2658 verbis
877 2593 1014 2658 dilucide
1039 2596 1187 2677 apparet:
1220 2598 1297 2684 περὶ
1319 2597 1382 2679 μὲν

146 2691 214 2748 τῶν
237 2677 306 2747 κατ’
333 2680 494 2765 ἐμαυτὸν,
527 2682 549 2747 e'
582 2707 639 2765 μοι
670 2679 750 2770 παρ’
773 2682 869 2766 ὑμῶν
895 2682 1049 2770 ἐνόμιζον
1072 2685 1198 2751 δίκαιον
1221 2681 1306 2752 εἶναι
1329 2709 1381 2772 με·

146 2776 277 2854 νέσθαι,
303 2774 364 2858 την
388 2777 556 2858 προτέραν
587 2770 727 2857 ’ἔπεμψα
759 2773 844 2859 πρὸς
874 2771 967 2856 ὑμᾶς.
1015 2775 1083 2838 Iam
1115 2793 1186 2840 vero
1210 2775 1261 2840 his
1286 2793 1382 2857 quae·

147 2861 227 2924 ritur
262 2861 369 2924 utrum
405 2861 516 2940 quarta
553 2878 593 2923 au
627 2861 730 2942 prima
764 2862 906 2942 proxima
943 2861 1107 2926 adicienda
1143 2864 1195 2932 sit.
1242 2865 1382 2929 Primam

149 2947 278 3030 quidem
303 2947 474 3032 epistulam
506 2950 580 3031 post
610 2950 746 3013 mortem
768 2949 940 3014 Alexandri
970 2952 1054 3034 regis
1079 2953 1289 3036 compositam
1313 2972 1383 3018 esse

148 3037 264 3102 dicitnr
288 3042 364 3116 (νῦν
387 3042 504 3104 τοίνυν
526 3043 714 3115 τεθνεῶτος
731 3037 867 3122 ἐκείνου,
893 3036 973 3125 ὃὸ).
1009 3041 1045 3104 In
1063 3043 1175 3123 quarta
1191 3042 1271 3107 nihil
1289 3044 1382 3122 inest,

147 3126 230 3192 unde
254 3128 404 3211 cognosci
428 3126 540 3212 possit,
565 3146 626 3210 quo
651 3130 793 3211 tempore
818 3129 937 3212 scripta
960 3130 1013 3194 sit.
1061 3130 1208 3196 Getarum
1231 3131 1264 3196 in
1288 3131 1383 3198 tertia

148 3215 287 3300 epistula
310 3217 388 3282 haec
411 3217 579 3282 traduntur
603 3215 635 3304 (ᾗ
661 3219 731 3296 3l):
764 3218 866 3306 ἡδέως
896 3213 970 3285 cido
998 3217 1077 3303 ὑμῖν
1108 3223 1169 3308 την
1193 3216 1245 3288 ἐπ’
1271 3221 1384 3308 εὐνοίᾳ

146 3308 201 3371 καὶ
233 3306 328 3394 φιλίᾳ
355 3311 487 3393 μέμψιν
518 3312 722 3396 ποιησαίμην
754 3317 818 3374 νῦν
848 3309 911 3391 μὲν
940 3306 977 3374 ἔν
1008 3310 1192 3397 κεφαλαίῳ,
1224 3319 1330 3400 μικρῷ
1353 3310 1381 3376 d⁰

147 3395 289 3480 ὕστερον
312 3390 351 3460 δι’
377 3394 555 3484 ἐπιστολῆς
576 3407 711 3484 μακρᾶς,
736 3401 778 3484 ἣν
801 3395 925 3485 ἐάνπερ
949 3396 1011 3483 ἐμὼ
1036 3404 1080 3485 ζῶ
1102 3401 1315 3486 προσδοκᾶτε,
1342 3401 1384 3468 ἂν

147 3486 192 3572 μὴ
216 3485 257 3548 τὰ
280 3484 388 3549 δίκαια
412 3490 561 3574 γίγνηταί
583 3510 640 3569 μοι
663 3480 741 3573 παρ’
771 3485 865 3570 ὑμῶν
889 3491 1061 3575 πρότερον.
1110 3487 1179 3568 Qua
1207 3490 1245 3555 de
1269 3509 1384 3574 magna

150 3572 289 3656 epistula
313 3573 403 3637 nohis
427 3575 509 3638 nihil
532 3576 643 3640 notum
667 3577 726 3644 est.

256 3662 446 3744 Priusquam
469 3682 541 3728 vero
575 3664 615 3730 ad
647 3664 790 3748 singulas
815 3664 969 3748 epistulas
994 3663 1237 3733 considerandas
1261 3671 1384 3734 transe-

149 3770 240 3818 amus
264 3751 374 3835 paucis
399 3752 437 3816 de
462 3772 499 3818 ea
522 3771 555 3817 re
580 3753 734 3819 disserere
757 3754 870 3832 liceat,
895 3755 934 3818 ad
959 3775 1052 3838 quem
1077 3758 1233 3840 epistulae
1257 3760 1384 3824 nostrae

149 3843 267 3906 missae
298 3840 374 3910 siut.
421 3843 621 3926 Praescripta
654 3846 761 3909 autern
791 3843 831 3908 iis
863 3844 940 3909 haec
972 3848 1063 3910 sunt:
1099 3851 1322 3936 Δημοσθένης
1345 3857 1385 3938 τῇ

149 3931 252 4020 βουλῇ
275 3933 330 3996 καί
353 3937 400 4017 τῷ
423 3931 514 4020 δήμῳ
537 3937 672 4018 χαίρειν.
721 3931 841 4013 Quibus
865 3933 898 3998 in
923 3935 1026 4000 verbis
1051 3935 1247 4002 desideratur
1268 3956 1382 4004 nomen

150 4021 307 4100 civitatis,
340 4020 380 4086 ad
412 4040 507 4104 quam
539 4022 695 4104 epistulae
727 4023 819 4088 datae
851 4023 925 4092 sint.
973 4025 1183 4108 Exspectatur
1214 4028 1298 4092 enim
1326 4048 1385 4094 vox

151 4106 344 4198 aspectae
367 4113 441 4195 post
463 4117 511 4197 τῷ
534 4111 624 4199 δήμῳ
648 4112 763 4196 posita.
809 4113 879 4178 Hoc
911 4115 1020 4180 tamen
1044 4114 1172 4196 vitium,
1205 4117 1233 4181 si
1257 4117 1385 4200 quidem

262 4395 287 4464 l)
307 4393 346 4449 cf.
367 4395 398 4450 Δ.
419 4396 538 4451 Schtler.
557 4397 586 4450 in
605 4396 622 4450 l.
642 4397 675 4450 D.
694 4413 720 4450 u.
742 4413 762 4451 s.
783 4397 810 4452 Z.
829 4399 851 4467 Ι,
871 4401 931 4468 281,
951 4399 1029 4454 Anm.
1049 4402 1073 4454 2.
