3288 5070
817 381 977 480 4⁹³}-

282 581 431 664 quoniam
455 577 560 644 omnia
582 577 691 660 paucis
716 577 853 660 exeeptis
876 577 1037 641 tolerabili
1060 576 1152 640 modo
1176 577 1259 642 inter
1282 597 1317 643 se
1335 581 1520 664 cohaerent,

281 689 387 735 rernm
410 667 653 751 dispositionem
675 686 730 748 pro
755 667 893 749 epistula
914 666 999 731 haud
1022 667 1068 730 ita
1091 685 1270 748 perversam
1296 687 1366 734 esse
1390 689 1520 743 censeo.

390 757 452 824 Sed
475 759 511 822 nt
534 756 574 820 ad
597 757 768 820 extremam
793 756 905 820 tertiae
929 755 1084 838 epistulae
1107 758 1230 838 partem
1250 757 1426 838 redeamus,
1442 781 1521 827 curn

282 849 321 914 de
344 848 456 926 rehns,
481 865 560 929 qnae
584 845 623 910 ad
647 863 776 910 causam
799 845 1002 927 Harpalicam
1025 845 1194 927 pertinent,
1218 865 1313 929 supra
1336 852 1521 931 expositum

283 939 342 1014 sit,
366 937 483 1016 restat,
507 938 544 1000 ut
567 935 664 999 etiam
687 935 720 998 in
743 935 802 999 hac
825 937 913 1018 parte
938 953 993 1017 pro
1017 935 1154 998 auctoris
1178 937 1405 1002 consuetudine
1429 961 1523 1006 com-

282 1027 479 1112 parationem
514 1023 672 1106 quandam
706 1023 789 1089 inter
818 1024 1067 1089 Demosthenem
1097 1026 1129 1088 et
1158 1024 1411 1108 Aristogitonem
1443 1050 1523 1096 eum

282 1116 492 1182 delectatione
525 1114 631 1195 aliqua
665 1113 798 1178 allatam
832 1133 902 1178 esse
933 1113 1084 1180 dicamus.
1130 1113 1186 1177 Bis
1219 1117 1326 1178 autem
1357 1117 1391 1181 id
1422 1119 1462 1184 fit
1486 1124 1523 1186 et

282 1207 301 1290 ᾖ
325 1207 367 1272 37
392 1225 457 1286 seq.
489 1205 522 1268 et
544 1204 563 1286 ξ
586 1204 629 1268 42
654 1221 736 1286 seq,
768 1221 898 1285 quorum
930 1203 1071 1267 loeomm
1095 1204 1261 1284 utrumque
1285 1207 1354 1270 arte
1377 1209 1521 1288 quadam

282 1295 439 1360 rhetorica
469 1295 652 1358 exornatum
684 1311 753 1358 esse
777 1312 868 1357 nemo
892 1292 1030 1374 negabit.
1076 1293 1233 1357 Extremis
1256 1295 1370 1359 tertiae
1394 1298 1523 1379 epistu-

281 1385 333 1450 lae
356 1383 460 1450 rerhis
484 1383 627 1463 sequitur
651 1383 809 1446 excusatio
833 1381 1057 1446 Demosthenis
1080 1384 1256 1463 precantis,
1281 1403 1320 1447 ne
1344 1386 1414 1466 quis
1438 1389 1523 1452 eivi-

282 1475 342 1539 hns
366 1493 400 1539 ss
424 1491 606 1538 succensere
630 1473 736 1554 putet;
761 1473 868 1536 tamen
892 1472 949 1549 iis,
974 1471 1087 1552 quihus
1110 1470 1225 1536 iniuria
1248 1472 1332 1537 lacta
1355 1476 1408 1552 sit,
1431 1479 1523 1542 tam-

284 1582 378 1647 quam
400 1561 553 1627 levationi
577 1580 656 1631 esse
681 1561 708 1625 si
732 1561 848 1639 dieunt,
873 1523 949 1643 qnid
968 1560 1136 1662 patiantur,
1154 1560 1238 1624 sicut
1252 1562 1293 1625 iis
1296 1564 1373 1671 ‚qui
1390 1565 1523 1632 dolores

282 1653 436 1732 habeant,
468 1651 496 1716 si
527 1653 672 1766 ςιιιιιιιιΙι
705 1669 738 1715 se
769 1653 875 1715 antem
899 1650 1005 1715 omnia
1027 1650 1162 1731 perferre
1187 1651 1278 1719 velle.
1322 1648 1375 1716 ‘H
1393 1657 1456 1748 ιὰρ
1481 1656 1524 1722 ἐι

283 1755 352 1820 τοῖς
374 1744 536 1818 τοιούτοις
559 1737 640 1853 ιττιι
663 1741 744 1827 κοΙι,
767 1742 821 1804 καὶ
845 1744 1058 1826 προσήκουσα
1081 1745 1188 1826 νίκιιι
1179 1743 1271 1826 παρὰ
1295 1754 1363 1818 τοῖς
1378 1749 1416 1808 evi
1432 1771 1523 1832 ιιρο-

282 1841 378 1898 νοσσι
407 1837 562 1918 κρίνεται.
594 1829 769 1911 εὐτυχεῖτε.
816 1831 885 1894 Hae
917 1830 1076 1893 sententia
1107 1830 1265 1893 communi
1290 1830 1398 1896 finitur
1421 1835 1524 1902 tertia

286 1921 433 1989 eistula.

303 1941 324 2006 p
391 2009 477 2090 Quae
501 2027 537 2072 ex
561 2008 717 2072 erroribus
748 2008 786 2072 ab
818 2010 945 2074 auctore
976 2007 1131 2090 epistulae
1162 2009 1317 2074 secundae
1341 2011 1523 2096 tertiaeque

283 2099 463 2166 commissis
488 2099 520 2163 et
542 2098 699 2163 rhetorica
722 2116 829 2161 earum
852 2097 959 2162 indole
983 2097 1074 2162 nohis
1098 2099 1167 2162 orta
1191 2100 1240 2162 est
1256 2097 1294 2162 de
1310 2099 1371 2164 fide
1387 2101 1523 2169 illarum

284 2189 439 2273 suspicio,
472 2207 508 2254 ee
538 2187 643 2252 neseio
668 2206 707 2252 an
732 2187 827 2252 etiam
852 2189 1018 2270 angeatur,
1043 2187 1070 2251 si
1095 2187 1220 2270 singula
1245 2189 1399 2270 quaedam
1422 2211 1524 2275 repu-

284 2280 467 2356 taverimus,
492 2296 571 2360 quae
595 2276 635 2342 ad
659 2277 921 2358 compositionem
945 2276 1114 2359 pertinent.

390 2369 435 2434 Ut
457 2368 490 2432 in
515 2367 695 2432 universnm
720 2369 852 2449 utraque
876 2366 1013 2448 epistula
1037 2367 1103 2430 arte
1128 2365 1262 2448 quadam
1286 2367 1445 2435 rhetorica
1470 2377 1525 2439 est
1631 2377 1632 2380 ’

283 2458 475 2541 composita,
507 2456 553 2521 ita
587 2456 620 2521 in
645 2456 781 2540 singulis
811 2456 956 2538 partibus
990 2475 1165 2520 sermonem
1197 2455 1322 2537 saepius
1348 2461 1523 2527 sententiis

282 2548 448 2613 rhetoricis
484 2548 629 2611 ornatum
664 2564 733 2610 esse
770 2545 922 2613 videmus.
968 2545 1179 2609 Recordemur
1210 2564 1334 2624 eorum,
1366 2567 1446 2629 quae
1479 2551 1523 2618 de
1630 2597 1631 2608 ι

281 2637 362 2702 locis
395 2635 632 2715 communibus,
664 2636 717 2717 qui
749 2635 874 2716 quidem
907 2635 1056 2699 similiter
1087 2635 1182 2698 etiarn
1213 2635 1245 2698 in
1279 2636 1351 2700 aliis
1387 2639 1522 2722 scriptis

283 2725 492 2808 reperiuntur,
519 2744 613 2806 supra
637 2724 721 2788 dieta
746 2726 828 2792 sunt.
877 2723 1068 2807 Saepissime
1099 2724 1181 2790 tales
1213 2727 1390 2791 sententiae
1415 2729 1522 2795 inser-

282 2818 334 2882 tae
359 2817 442 2884 sunt.
489 2815 547 2894 Ita,
571 2815 608 2878 ut
631 2814 773 2897 exemplo
797 2815 877 2892 utar,
902 2834 949 2928 ιιι.
974 2815 1014 2892 ΙΙ,
1041 2814 1081 2879 15
1099 2812 1139 2878 ad
1154 2813 1186 2878 1d
1203 2814 1408 2896 probandum
1434 2822 1523 2901 quod
1629 2833 1630 2838 ’

283 2905 430 2972 (ΙοιιιοιιιΙ
416 2865 564 2970 trandum
588 2906 645 2984 est,
670 2903 811 2968 additur:
835 2906 876 2968 cd
899 2907 959 2990 γὰρ
983 2907 1026 2991 peip
1043 2907 1129 2989 γενόι
1118 2928 1203 2986 pluere
1218 2901 1277 2967 οὐκ
1294 2903 1388 2970 ἔστι
1379 2919 1523 3020 τιοιῆσιιι

282 3001 499 3083 pensandam
522 2994 692 3076 paulloque
715 2994 797 3058 infra
819 2993 897 3058 haee
905 2995 1086 3108 leguntur:
1114 2993 1151 3057 τὸ
1175 2995 1235 3078 γὰρ
1258 2994 1399 3080 ιιιιιΙὲν>
1385 3008 1523 3086 ιιιιιιυιιῑ

283 3085 470 3152 συνειδέναι
493 3088 612 3169 πεῖράν
642 3108 698 3166 ιιοι
723 3083 914 3148 δέδωκεν
886 3108 965 3165 ειςι
966 3083 1016 3148 ιὲν
1040 3081 1204 3170 ιυιιιέλειαν
1227 3081 1415 3161 ἀσθενὲς”
1398 3111 1446 3170 ον,
1473 3090 1524 3167 εις
1628 3105 1629 3120 *

285 3175 374 3240 δὲ
344 3199 381 3239 τυ
403 3175 531 3257 ιιιιλλον
554 3175 738 3238 λυπεῖσθαι
770 3175 909 3238 πάντων
941 3171 1192 3259 ὀόιινιιρότοιτον.
1241 3171 1351 3254 Neque
1383 3194 1455 3241 vero
1479 3179 1523 3244 de

282 3264 333 3328 his
358 3282 435 3346 opus
468 3263 528 3327 erit
557 3262 702 3345 pluribus
734 3261 795 3344 agi.
842 3263 961 3326 Auctor
990 3261 1088 3345 igitur
1118 3261 1265 3326 facundia
1296 3263 1431 3343 quadam
1455 3287 1522 3332 uon

285 3354 379 3418 earet.
426 3353 545 3417 Tamen
569 3353 604 3416 ut
627 3351 659 3415 in
684 3350 769 3416 omni
792 3350 914 3416 ratione
929 3351 975 3415 rei
991 3350 1193 3432 explicandae
1211 3350 1309 3415 nimia
1325 3354 1522 3436 simplicitas
1627 3399 1628 3412 ι

284 3442 493 3526 cognoscitur,
517 3442 563 3506 ita
586 3440 731 3522 singulae
756 3441 931 3506 sententiae
952 3441 1047 3504 nimis
1065 3459 1158 3523 saepe
1173 3440 1338 3510 iterantur.
1386 3444 1522 3512 Initium

284 3532 411 3616 quidem
453 3532 567 3596 tertiae
610 3530 765 3612 epistulae
806 3532 955 3612 quantam
994 3530 1091 3595 hahet
1134 3530 1257 3612 copiam
1295 3531 1523 3603 iterationum!
1626 3581 1627 3586 ι

283 3622 372 3688 Dicit
403 3621 487 3686 enim
515 3619 747 3685 Demosthenes
780 3637 813 3684 se
844 3619 876 3684 in
909 3619 1019 3684 exsilio
1052 3619 1158 3684 audire
1189 3639 1206 3683 a
1241 3617 1370 3685 Graecis
1404 3626 1522 3692 ceteris

283 3711 493 3777 Athenienses
519 3709 610 3774 valde
627 3709 806 3792 vituperari,
824 3710 897 3792 quia
913 3709 1030 3774 liberos
1046 3709 1181 3792 Lycurgi
1199 3710 1265 3773 tam
1289 3710 1372 3775 male
1397 3715 1522 3780 tracta-

285 3800 388 3866 verint
411 3800 441 3883 (ξ
466 3797 509 3886 1).
555 3798 690 3882 Lycurgi
711 3801 817 3864 autem
844 3799 945 3881 ipsius
971 3818 1065 3864 eausa
1089 3799 1259 3880 epistulam
1285 3819 1318 3863 se
1336 3805 1523 3885 concepisse

285 3887 316 3975 (ᾗ
342 3887 386 3974 2).
433 3889 509 3954 Eius
540 3889 663 3954 meritis
694 3888 832 3953 breviter
863 3888 1012 3971 expositis
1037 3890 1145 3953 auctor
1168 3889 1332 3971 proponit,
1363 3894 1523 3972 quomodo

284 3998 350 4044 rem
382 3979 575 4043 tractaturus
607 3978 667 4043 sit:
699 3977 855 4061 imprimis
884 3979 1049 4060 propterea
1081 3977 1251 4060 epistulam
1276 3997 1309 4042 se
1342 3980 1521 4063 scripsisse,

286 4067 368 4150 quod
400 4067 521 4132 civibus
553 4067 619 4132 suis
650 4067 728 4131 utile
761 4085 830 4132 esse
861 4069 952 4149 putet
976 4066 1068 4153 (ὑμῖν
1091 4072 1236 4153 νομίζοι
1260 4073 1461 4156 συμφέρειν),
1492 4076 1524 4139 si

286 4157 497 4240 comperiant,
532 4176 626 4239 quam
657 4157 859 4221 vehementer
889 4157 1003 4240 reliqui
1041 4156 1153 4222 Graeci
1183 4157 1431 4224 Atheniensibus
1454 4162 1524 4229 ira-

286 4248 430 4323 scentem
463 4247 550 4330 ipsos
583 4265 704 4329 quoqne
729 4246 824 4324 seire,
857 4265 951 4329 quam
974 4247 1058 4312 mala
1082 4246 1165 4310 fama
1188 4247 1324 4330 Lycurgi
1346 4247 1523 4319 liberorum

201 4392 207 4406 .
286 4355 381 4402 causa
411 4337 554 4402 fruantur
585 4337 615 4420 (ξ
648 4334 692 4420 5).
739 4336 851 4400 Paullo
886 4335 968 4400 iufra
1003 4337 1110 4400 auctor
1144 4337 1318 4418 temperare
1355 4337 1415 4403 sihi
1451 4361 1522 4408 nou

285 4428 400 4517 potest,
422 4426 496 4516 quin
512 4426 627 4498 iterum
645 4427 870 4496 commemoret
884 4425 1094 4496 Athenienses
1115 4425 1153 4493 ab
1171 4426 1315 4490 omnihus
1332 4427 1524 4519 vituperari:
