3288 5070
660 385 819 486 Q

233 580 348 648 Contra
363 581 555 664 praepositio
573 580 630 649 ίπί
646 581 842 648 desideratur
865 581 897 646 in
915 582 1008 648 verbo
1026 582 1109 665 quod
1127 583 1175 648 est
1188 579 1353 667 ἐπιτιμᾶν,

122 673 208 757 quod
232 673 351 736 duobus
375 672 453 736 locis
479 691 549 736 oum
574 671 692 756 duplici
713 672 818 738 dativo
845 674 877 737 et
902 674 968 737 eius
994 673 1047 754 qni
1071 673 1230 756 vituperat
1253 675 1285 738 et
1300 675 1355 754 rei,

119 765 362 847 propterquam
386 761 500 842 aliquis
526 762 729 844 vituperatur,
753 763 894 826 iunctum
920 765 977 838 est,
1002 781 1050 844 ep.
1074 764 1115 842 ΙΙ,
1134 765 1173 828 19
1199 763 1356 847 ἐπιτιμᾶν

120 854 204 936 ύμῖν
227 877 259 917 τι
284 856 499 938 πειρωμένων
523 857 562 940 τῇ
574 847 643 916 κοτ’
659 850 715 934 ἐμὲ·
728 852 844 938 ίιγνοίηι
857 854 888 916 et
901 871 949 934 ep.
964 854 1021 931 ΙΙΙ,
1045 856 1059 917 1
1076 853 1211 918 πολλῶν
1223 853 1356 918 ἀκούειν

121 944 357 1024 ἐπιτιμώντων
380 939 460 1022 ύμῖν
483 953 552 1017 τοῖς
568 941 625 1022 (010
641 947 675 1023 Σ,
695 943 779 1025 vulg.
797 942 853 1007 ἐπὶ
870 947 949 1018 τοῖς)
969 944 1043 1025 περὶ
1061 943 1139 1019 τοὺς
1154 945 1356 1030 Λυκούργου

123 1032 248 1107 παῖδας
270 1036 482 1116 γιγνομένοις.
530 1032 738 1113 Exspectatur·
760 1033 864 1095 antem
881 1032 1071 1114 praepositio
1088 1031 1146 1097 ἐπί
1161 1051 1231 1096 cum
1249 1032 1354 1097 dative

121 1121 299 1188 coniuncta.
346 1120 419 1184 Alia
454 1120 645 1201 praepositio
669 1123 819 1203 usurpata
844 1124 893 1185 est
917 1141 963 1204 ep.
989 1122 1029 1200 ΙΙ,
1056 1124 1106 1200 11,
1130 1121 1184 1186 nbi
1207 1121 1356 1205 leguntur

119 1213 217 1276 haec:
251 1210 310 1274 τὸν
342 1203 394 1274 ἐπ’
427 1209 539 1295 εύνοίμ
570 1212 646 1296 περὶ
678 1205 726 1276 ὧν
757 1211 799 1276 ἂν
830 1210 967 1298 ἀγνοῆτε
992 1210 1239 1298 ἐπιτιμησοντοι.
1286 1212 1355 1275 Ηο0

120 1303 191 1365 1000
216 1293 267 1365 ἐπ’
295 1297 407 1385 aevae
432 1317 574 1378 causam,
599 1301 637 1364 oh
663 1319 755 1381 qnam
781 1299 895 1381 aliquis
921 1301 1042 1383 aliquos
1067 1301 1281 1382 reprehendit,
1304 1300 1354 1366 in-

121 1391 224 1468 dicat,
249 1408 320 1452 cnm
344 1407 453 1467 cansa,
477 1390 603 1470 propter
628 1409 720 1471 quam
746 1391 860 1470 aliquis
885 1390 1108 1472 vituperandus
1134 1393 1199 1470 est,
1223 1410 1355 1476 praepo-

121 1480 238 1544 sitione
263 1483 340 1564 περί
364 1497 434 1542 011111
458 1478 597 1559 genitivo
624 1480 822 1560 exprimatur.
871 1477 1002 1561 Saepius
1027 1479 1184 1562 ἐπιτιμᾶν
1207 1505 1289 1560 τινι,
1322 1481 1355 1544 id

122 1572 260 1634 osteum
279 1567 385 1632 dativo
402 1586 563 1648 personae,
581 1569 663 1650 apud
679 1569 927 1633 Demosthenem
944 1570 1111 1646 invenitur,
1129 1588 1228 1651 neque
1248 1571 1354 1634 tamen

122 1658 226 1722 ullum
257 1658 360 1722 locum
389 1656 512 1736 inveni,
545 1657 597 1738 qui
621 1663 823 1726 cumnostro
849 1659 1021 1740 comparari
1045 1660 1163 1741 possit,
1197 1659 1354 1740 qnoniam,

122 1749 276 1830 qnantum
300 1745 374 1825 vidi,
399 1765 569 1827 numquam
595 1766 689 1812 cansa
713 1748 818 1830 aliqua
842 1748 1082 1829 vituperationis
1108 1748 1215 1812 addita
1239 1750 1297 1817 est.

231 1840 328 1917 κοτίι,
362 1855 408 1917 ep.
442 1835 474 1914 I,
509 1837 549 1902 16
582 1839 663 1901 κατὰ
695 1846 762 1902 τῶν
791 1842 986 1924 νικητηρίων
1010 1839 1138 1903 ἱίποοιν
1162 1836 1273 1914 αὐτοῖς
1296 1837 1353 1924 (st.

124 1924 202 2012 diis)
228 1925 414 2008 εὐξάμενοι,
449 1944 527 2006 quae
551 1927 645 1990 verba
670 1945 740 1990 oum
764 1927 892 1991 Reiskie
917 1947 976 1992 non
1003 1927 1095 1991 aliter
1119 1946 1213 2008 qnam
1236 1927 1282 1991 ita
1305 1929 1353 1991 in·

119 2015 303 2098 tellegenda
334 2016 424 2078 sunt:
457 2017 498 2078 τὰ
529 2020 697 2103 νικητήρια
721 2019 842 2082 ύύοειν
866 2015 1047 2099 εὐξάμενοι.
1097 2015 1241 2081 Similem
1263 2036 1353 2099 prae·

120 2105 289 2189 positionis
321 2108 404 2168 κατύ
435 2123 527 2168 usum
559 2105 641 2186 apud
665 2106 911 2171 Demosthenem
944 2106 1061 2170 frustra
1091 2126 1230 2188 quaeres.
1278 2107 1353 2170 Plu-

120 2196 249 2261 tarehns
282 2193 407 2276 quidem
439 2193 494 2262 vit.
519 2195 612 2259 Marii
644 2213 710 2276 cap.
737 2197 778 2260 26
811 2195 960 2260 similiter
991 2197 1102 2260 scribit
1135 2195 1254 2284 ηύξιιτο
1286 2209 1355 2272 τοῖς

121 2293 217 2362 θεοῖς
239 2285 323 2348 κατὰ
347 2283 534 2370 ἑκατόμβης.
584 2282 823 2348 Substantivum
848 2284 929 2348 illud
954 2285 1036 2367 quod
1061 2287 1109 2350 est
1130 2288 1169 2350 τὰ
1186 2290 1353 2372 νικητήρια

121 2375 222 2440 semel
246 2393 289 2440 er.
308 2374 404 2451 elli
429 2373 582 2455 legimus:
609 2373 721 2460 ὥσπερ
747 2377 823 2460 περὶ
847 2376 976 2460 δωρεᾶς,
1004 2373 1074 2440 aar
1099 2374 1138 2440 ού
1162 2376 1239 2461 περὶ
1262 2399 1352 2462 νικη-

120 2470 245 2552 τηρίων
269 2472 337 2528 τῶν
360 2463 467 2548 λύγων
491 2463 607 2528 ὄντων.

231 2556 330 2639 παρά,
358 2571 404 2633 ep.
429 2551 524 2630 ΙΙΙ,6
550 2549 732 2617 ἐπιστεύετ’
758 2552 849 2639 αύτῷ
871 2556 925 2620 κοιλ
949 2554 1124 2640 δημοτικὸν
1148 2555 1240 2640 παρὰ
1264 2557 1352 2620 ποίν-

119 2667 179 2720 τιις
203 2644 347 2730 ηγεῖούε.
395 2641 456 2705 Η10
481 2638 602 2723 quoqne
626 2643 869 2724 praepositionis
892 2647 983 2731 παρά
999 2663 1074 2708 usus
1093 2663 1111 2707 a
1128 2643 1352 2708 Demosthenis

117 2733 245 2798 ratione
277 2731 399 2795 dicendi
430 2731 524 2812 plane
556 2731 677 2796 alienus
711 2734 768 2799 ost.
816 2735 1023 2816 Exspectatur
1047 2733 1258 2815 superlativus
1282 2753 1353 2798 cum

123 2822 265 2904 genitivo
291 2825 430 2886 πάντων
454 2821 648 2888 coniunctus.
697 2821 776 2885 Cum
800 2841 871 2886 vero
896 2823 1107 2904 superlativus
1132 2823 1279 2887 adjectivi
1296 2823 1352 2908 11η-

118 2915 253 2994 μοτικος
282 2929 343 2974 11011
374 2912 541 2991 usurpetur
567 2947 605 2954 —
632 2911 863 2992 comparativus
897 2913 978 2994 apud
1010 2912 1152 2996 Lysiam,
1185 2912 1352 2994 Polybium

118 3001 279 3065 invenitur
302 3035 360 3078 —,
392 2999 474 3063 illud
505 2999 680 3086 δημοτικὸν
705 3002 956 3086 πορίιπιίντος,
974 3004 1082 3066 auctor
1106 3001 1260 3084 epistulae
1284 3001 1352 3083 ipse

117 3091 182 3156 sibi
207 3089 364 3156 formavit.

228 3179 294 3265 πρὸ
318 3187 378 3244 τοῦ
403 3177 502 3242 0011101
526 3197 573 3260 ep.
598 3179 622 3257 Ι,
648 3180 667 3243 8
692 3179 840 3262 legimus,
863 3181 979 3268 μηδενὶ
1003 3189 1070 3246 τῶν
1094 3183 1134 3245 cle
1160 3181 1225 3265 πρὸ
1242 3188 1301 3245 τοῦ
1318 3204 1352 3265 γε

115 3272 309 3336 δοκούντων
337 3272 588 3355 ουνηγωνίούοι
611 3280 679 3344 τοῖς
702 3274 932 3357 leesor-pedor.
980 3271 1066 3334 Haec
1093 3270 1225 3334 formula
1249 3271 1297 3333 ter
1320 3270 1351 3333 in

114 3359 344 3424 Demosthenis
376 3357 571 3422 orationihus
604 3359 753 3437 occurrit,
786 3361 818 3422 01
850 3379 893 3427 01.
920 3361 1039 3439 aulae
1071 3359 1178 3436 1111ςὸ
1203 3359 1269 3444 πρὸ
1293 3368 1352 3422 τοῦ

115 3453 237 3534 χρόνος
260 3450 416 3532 γεγονώς,
443 3449 475 3510 et
499 3466 541 3514 or.
568 3448 686 3525 23203
711 3450 732 3512 t
756 3449 822 3534 πρὸ
847 3458 906 3513 τοῦ
929 3445 1038 3536 μεγάλ’
1067 3445 1105 3536 ην
1130 3450 1228 3516 0101.
1252 3449 1352 3526 (11),4

115 3548 188 3604 τῶν
213 3536 304 3621 αύτῷ
329 3537 394 3622 πρὸ
419 3545 478 3601 τοῦ
502 3536 610 3623 φίλων
634 3537 750 3602 ὄντων.

226 3630 299 3691 ούν.
347 3626 436 3690 Hanc
467 3626 732 3707 praepositionem
766 3626 815 3690 bis
846 3628 878 3690 in
911 3627 1046 3710 epistula
1075 3627 1177 3709 prima
1204 3627 1352 3709 legimns,

116 3719 151 3781 et
183 3717 200 3798 ξ
233 3718 252 3780 3
285 3713 329 3791 ὡς
360 3717 423 3781 σὺν
453 3722 547 3791 {tecte
577 3715 730 3802 erepcione
762 3717 834 3799 et§
863 3718 902 3780 12
928 3718 990 3783 ούν
1015 3718 1120 3804 πολλῆ
1145 3717 1275 3804 σπονδῇ
1297 3718 1351 3781 arel

114 3811 223 3891 πόνῳ.
272 3803 361 3884 Quod
393 3805 519 3886 quidem
552 3805 870 3870 00111Βο1110011101110
903 3827 961 3870 usu
991 3807 1084 3870 huius
1108 3805 1350 3888 praepositionis

114 3896 249 3960 minime
274 3894 426 3977 congruit,
451 3895 565 3976 qnippe
590 3913 668 3975 qnae
693 3897 728 3958 111
753 3895 834 3976 apud
859 3897 978 3960 ceteros
1004 3899 1142 3961 oratores
1168 3895 1283 3960 atticos
1305 3895 1351 3960 ita

111 3987 148 4050 in
173 3983 400 4048 Demosthenis
432 3984 626 4049 orationibus
658 3984 817 4048 rarissime
849 3986 1030 4068 reperiatur.
1079 3984 1215 4050 Maxime
1244 3986 1351 4049 antem

112 4073 433 4140 animadvertendum
465 4075 514 4138 est
537 4073 786 4138 Demosthenem
818 4077 881 4140 σύν
912 4075 1143 4157 praepositione
1166 4075 1350 4156 plerumque

111 4167 148 4230 111
173 4163 213 4228 iis
238 4163 449 4242 orationibus,
482 4182 558 4245 quas
583 4163 700 4244 primas
726 4165 919 4245 composuit,
945 4184 1036 4228 nsum
1060 4183 1146 4238 esse3
1179 4165 1225 4229 ita
1249 4165 1280 4227 in
1306 4183 1349 4232 or.

112 4257 156 4320 27
185 4253 303 4331 sexies,
335 4253 353 4335 ἕ
379 4254 438 4331 23,
463 4254 522 4331 31,
546 4254 606 4332 31),
631 4254 690 4330 38,
715 4254 775 4332 110,
800 4256 857 4332 61,
882 4255 913 4318 01
937 4254 1035 4319 semel
1060 4273 1103 4322 or.
1129 4255 1225 4332 28,13
1251 4255 1349 4321 0101.

110 4345 232 4422 31,11;
257 4345 419 4425 praeterea
442 4361 503 4406 non
529 4343 631 4406 exstat
654 4342 716 4406 nisi
741 4361 783 4410 or.
812 4343 938 4422 19,155.
985 4343 1107 4408 Deinde
1132 4347 1195 4409 ούν
1218 4361 1350 4425 praepo-

110 4433 191 4498 sitio
222 4433 255 4496 in
287 4432 337 4496 his
369 4433 416 4496 vel
450 4451 511 4495 non
544 4432 688 4514 genuinis
721 4432 771 4496 vel
802 4433 906 4497 dubiis
931 4433 1126 4498 orationibus
1150 4432 1267 4497 tradita
1291 4433 1349 4503 est,
