<?xml version="1.0" encoding="UTF-8"?>
<!DOCTYPE html PUBLIC "-//W3C//DTD XHTML 1.0 Transitional//EN"
    "http://www.w3.org/TR/xhtml1/DTD/xhtml1-transitional.dtd">
<html xmlns="http://www.w3.org/1999/xhtml" xml:lang="en" lang="en">
 <head>
  <title>
</title>
<meta http-equiv="Content-Type" content="text/html;charset=utf-8" />
  <meta name='ocr-system' content='tesseract 3.04.00' />
  <meta name='ocr-capabilities' content='ocr_page ocr_carea ocr_par ocr_line ocrx_word'/>
</head>
<body>
  <div class='ocr_page' id='page_1' title='image "./dedemosthenicar00neupgoog_0041.png"; bbox 0 0 3288 5070; ppageno 0'>
   <div class='ocr_carea' id='block_1_1' title="bbox 829 321 988 434">
    <p class='ocr_par' dir='ltr' id='par_1_1' title="bbox 829 321 988 434">
     <span class='ocr_line' id='line_1_1' title="bbox 829 321 988 434; baseline 0 -104"><span class='ocrx_word' id='word_1_1' title='bbox 829 321 988 434; x_wconf 37' lang='lat' dir='ltr'>Q</span> 
     </span>
    </p>
   </div>
   <div class='ocr_carea' id='block_1_2' title="bbox 250 529 1523 4462">
    <p class='ocr_par' dir='ltr' id='par_1_2' title="bbox 292 529 1522 705">
     <span class='ocr_line' id='line_1_2' title="bbox 292 529 1522 609; baseline -0.002 -10"><span class='ocrx_word' id='word_1_2' title='bbox 292 533 326 598; x_wconf 94' lang='lat' dir='ltr'><strong>iu</strong></span> <span class='ocrx_word' id='word_1_3' title='bbox 350 553 506 598; x_wconf 81' lang='lat' dir='ltr'><strong>carcerem</strong></span> <span class='ocrx_word' id='word_1_4' title='bbox 529 551 591 596; x_wconf 90' lang='lat' dir='ltr'><strong>uon</strong></span> <span class='ocrx_word' id='word_1_5' title='bbox 617 531 709 596; x_wconf 88' lang='lat' dir='ltr'><strong>modo</strong></span> <span class='ocrx_word' id='word_1_6' title='bbox 733 550 796 596; x_wconf 92' lang='lat' dir='ltr'><strong>non</strong></span> <span class='ocrx_word' id='word_1_7' title='bbox 821 531 943 595; x_wconf 89' lang='lat' dir='ltr'><strong>vinctus</strong></span> <span class='ocrx_word' id='word_1_8' title='bbox 970 529 1022 609; x_wconf 89' lang='lat' dir='ltr'><strong>sit,</strong></span> <span class='ocrx_word' id='word_1_9' title='bbox 1047 529 1102 594; x_wconf 88' lang='lat' dir='ltr'><strong>sed</strong></span> <span class='ocrx_word' id='word_1_10' title='bbox 1126 530 1221 596; x_wconf 84' lang='lat' dir='ltr'><strong>etiam</strong></span> <span class='ocrx_word' id='word_1_11' title='bbox 1245 531 1278 594; x_wconf 93' lang='lat' dir='ltr'><strong>in</strong></span> <span class='ocrx_word' id='word_1_12' title='bbox 1294 533 1397 596; x_wconf 88' lang='lat' dir='ltr'><strong>rostra</strong></span> <span class='ocrx_word' id='word_1_13' title='bbox 1414 551 1522 596; x_wconf 88' lang='lat' dir='ltr'><strong>escen-</strong></span> 
     </span>
     <span class='ocr_line' id='line_1_3' title="bbox 295 620 1068 705; baseline -0.006 -17"><span class='ocrx_word' id='word_1_14' title='bbox 295 623 385 702; x_wconf 89' lang='lat' dir='ltr'><strong>derit,</strong></span> <span class='ocrx_word' id='word_1_15' title='bbox 410 623 526 688; x_wconf 89' lang='lat' dir='ltr'><strong>liberos</strong></span> <span class='ocrx_word' id='word_1_16' title='bbox 549 622 684 705; x_wconf 80' lang='lat' dir='ltr'>Lycurgi</span> <span class='ocrx_word' id='word_1_17' title='bbox 710 620 820 686; x_wconf 89' lang='lat' dir='ltr'><strong>statim</strong></span> <span class='ocrx_word' id='word_1_18' title='bbox 844 621 966 684; x_wconf 88' lang='lat' dir='ltr'><strong>vinctos</strong></span> <span class='ocrx_word' id='word_1_19' title='bbox 991 638 1068 684; x_wconf 89' lang='lat' dir='ltr'><strong>esse.</strong></span> 
     </span>
    </p>

    <p class='ocr_par' dir='ltr' id='par_1_3' title="bbox 250 707 1523 4462">
     <span class='ocr_line' id='line_1_4' title="bbox 400 707 1521 776; baseline -0.002 0"><span class='ocrx_word' id='word_1_20' title='bbox 400 714 517 776; x_wconf 90' lang='lat' dir='ltr'><strong>lterum</strong></span> <span class='ocrx_word' id='word_1_21' title='bbox 550 711 725 775; x_wconf 89' lang='lat' dir='ltr'><strong>sententiae</strong></span> <span class='ocrx_word' id='word_1_22' title='bbox 755 711 837 774; x_wconf 90' lang='lat' dir='ltr'><strong>inter</strong></span> <span class='ocrx_word' id='word_1_23' title='bbox 869 729 902 774; x_wconf 92' lang='lat' dir='ltr'><strong>se</strong></span> <span class='ocrx_word' id='word_1_24' title='bbox 934 707 1108 774; x_wconf 87' lang='lat' dir='ltr'><strong>contrariae</strong></span> <span class='ocrx_word' id='word_1_25' title='bbox 1139 708 1177 772; x_wconf 89' lang='lat' dir='ltr'><strong>ad</strong></span> <span class='ocrx_word' id='word_1_26' title='bbox 1208 728 1274 773; x_wconf 90' lang='lat' dir='ltr'><strong>rem</strong></span> <span class='ocrx_word' id='word_1_27' title='bbox 1298 709 1521 774; x_wconf 78' lang='lat' dir='ltr'><strong>illustrandam</strong></span> 
     </span>
     <span class='ocr_line' id='line_1_5' title="bbox 292 797 1522 883; baseline -0.002 -17"><span class='ocrx_word' id='word_1_28' title='bbox 292 802 551 867; x_wconf 89' lang='lat' dir='ltr'><strong>introducuntur:</strong></span> <span class='ocrx_word' id='word_1_29' title='bbox 578 799 708 883; x_wconf 82' lang='lat' dir='ltr'><strong>Saepius</strong></span> <span class='ocrx_word' id='word_1_30' title='bbox 734 799 895 877; x_wconf 86' lang='lat' dir='ltr'><strong>accidisse,</strong></span> <span class='ocrx_word' id='word_1_31' title='bbox 912 801 948 863; x_wconf 92' lang='lat' dir='ltr'><strong>ut</strong></span> <span class='ocrx_word' id='word_1_32' title='bbox 963 797 1172 863; x_wconf 76' lang='lat' dir='ltr'><strong>Athenienses</strong></span> <span class='ocrx_word' id='word_1_33' title='bbox 1189 797 1222 862; x_wconf 91' lang='lat' dir='ltr'><strong>in</strong></span> <span class='ocrx_word' id='word_1_34' title='bbox 1238 798 1347 862; x_wconf 90' lang='lat' dir='ltr'><strong>liberis</strong></span> <span class='ocrx_word' id='word_1_35' title='bbox 1364 799 1398 862; x_wconf 90' lang='lat' dir='ltr'><strong>id</strong></span> <span class='ocrx_word' id='word_1_36' title='bbox 1413 799 1522 882; x_wconf 90' lang='lat' dir='ltr'><strong>magni</strong></span> 
     </span>
     <span class='ocr_line' id='line_1_6' title="bbox 292 887 1521 972; baseline -0.003 -16"><span class='ocrx_word' id='word_1_37' title='bbox 292 892 513 966; x_wconf 89' lang='lat' dir='ltr'><strong>aestimarent,</strong></span> <span class='ocrx_word' id='word_1_38' title='bbox 545 889 627 972; x_wconf 93' lang='lat' dir='ltr'><strong>quod</strong></span> <span class='ocrx_word' id='word_1_39' title='bbox 659 891 764 970; x_wconf 89' lang='lat' dir='ltr'><strong>patres</strong></span> <span class='ocrx_word' id='word_1_40' title='bbox 796 888 965 963; x_wconf 81' lang='lat' dir='ltr'><strong>fecissent3</strong></span> <span class='ocrx_word' id='word_1_41' title='bbox 998 887 1080 969; x_wconf 92' lang='lat' dir='ltr'><strong>quod</strong></span> <span class='ocrx_word' id='word_1_42' title='bbox 1111 907 1182 952; x_wconf 87' lang='lat' dir='ltr'><strong>cum</strong></span> <span class='ocrx_word' id='word_1_43' title='bbox 1206 889 1358 970; x_wconf 85' lang='lat' dir='ltr'><strong>exemplis</strong></span> <span class='ocrx_word' id='word_1_44' title='bbox 1383 889 1521 952; x_wconf 88' lang='lat' dir='ltr'><strong>filicmm</strong></span> 
     </span>
     <span class='ocr_line' id='line_1_7' title="bbox 291 977 1521 1062; baseline -0.003 -17"><span class='ocrx_word' id='word_1_45' title='bbox 291 981 452 1062; x_wconf 82' lang='lat' dir='ltr'><strong>Aristidis,</strong></span> <span class='ocrx_word' id='word_1_46' title='bbox 477 979 675 1062; x_wconf 84' lang='lat' dir='ltr'><strong>Thrasybuli,</strong></span> <span class='ocrx_word' id='word_1_47' title='bbox 696 978 825 1042; x_wconf 88' lang='lat' dir='ltr'><strong>Archiui</strong></span> <span class='ocrx_word' id='word_1_48' title='bbox 849 979 980 1059; x_wconf 87' lang='lat' dir='ltr'><strong>probare</strong></span> <span class='ocrx_word' id='word_1_49' title='bbox 1005 978 1112 1042; x_wconf 89' lang='lat' dir='ltr'><strong>auctor</strong></span> <span class='ocrx_word' id='word_1_50' title='bbox 1137 977 1271 1056; x_wconf 78' lang='lat' dir='ltr'><strong>studeat,</strong></span> <span class='ocrx_word' id='word_1_51' title='bbox 1296 977 1360 1041; x_wconf 90' lang='lat' dir='ltr'><strong>iam</strong></span> <span class='ocrx_word' id='word_1_52' title='bbox 1385 997 1521 1042; x_wconf 90' lang='lat' dir='ltr'><strong>comme-</strong></span> 
     </span>
     <span class='ocr_line' id='line_1_8' title="bbox 291 1064 1523 1149; baseline -0.003 -15"><span class='ocrx_word' id='word_1_53' title='bbox 291 1071 448 1134; x_wconf 87' lang='lat' dir='ltr'><strong>moratum</strong></span> <span class='ocrx_word' id='word_1_54' title='bbox 481 1071 530 1132; x_wconf 88' lang='lat' dir='ltr'><strong>est</strong></span> <span class='ocrx_word' id='word_1_55' title='bbox 562 1067 816 1132; x_wconf 86' lang='lat' dir='ltr'><strong>exorationibus</strong></span> <span class='ocrx_word' id='word_1_56' title='bbox 841 1086 911 1131; x_wconf 92' lang='lat' dir='ltr'><strong>vere</strong></span> <span class='ocrx_word' id='word_1_57' title='bbox 935 1064 1189 1131; x_wconf 89' lang='lat' dir='ltr'><strong>Demosthenicis</strong></span> <span class='ocrx_word' id='word_1_58' title='bbox 1214 1066 1252 1130; x_wconf 95' lang='lat' dir='ltr'><strong>de</strong></span> <span class='ocrx_word' id='word_1_59' title='bbox 1276 1067 1466 1149; x_wconf 82' lang='lat' dir='ltr'><strong>Thrasybuli</strong></span> <span class='ocrx_word' id='word_1_60' title='bbox 1490 1069 1523 1131; x_wconf 89' lang='lat' dir='ltr'><strong>et</strong></span> 
     </span>
     <span class='ocr_line' id='line_1_9' title="bbox 290 1156 1522 1238; baseline -0.003 -14"><span class='ocrx_word' id='word_1_61' title='bbox 290 1159 423 1224; x_wconf 91' lang='lat' dir='ltr'><strong>Archiui</strong></span> <span class='ocrx_word' id='word_1_62' title='bbox 446 1157 556 1222; x_wconf 89' lang='lat' dir='ltr'><strong>liberis</strong></span> <span class='ocrx_word' id='word_1_63' title='bbox 574 1157 766 1221; x_wconf 88' lang='lat' dir='ltr'><strong>contrarium</strong></span> <span class='ocrx_word' id='word_1_64' title='bbox 781 1157 887 1238; x_wconf 88' lang='lat' dir='ltr'><strong>potius</strong></span> <span class='ocrx_word' id='word_1_65' title='bbox 905 1157 1013 1220; x_wconf 89' lang='lat' dir='ltr'><strong>notum</strong></span> <span class='ocrx_word' id='word_1_66' title='bbox 1032 1173 1108 1220; x_wconf 88' lang='lat' dir='ltr'><strong>esse.</strong></span> <span class='ocrx_word' id='word_1_67' title='bbox 1143 1156 1212 1220; x_wconf 91' lang='lat' dir='ltr'><strong>Hac</strong></span> <span class='ocrx_word' id='word_1_68' title='bbox 1229 1156 1391 1220; x_wconf 78' lang='lat' dir='ltr'><strong>occasione</strong></span> <span class='ocrx_word' id='word_1_69' title='bbox 1409 1157 1522 1221; x_wconf 88' lang='lat' dir='ltr'><strong>statim</strong></span> 
     </span>
     <span class='ocr_line' id='line_1_10' title="bbox 292 1244 1522 1314; baseline -0.002 -2"><span class='ocrx_word' id='word_1_70' title='bbox 292 1251 400 1314; x_wconf 90' lang='lat' dir='ltr'><strong>auctor</strong></span> <span class='ocrx_word' id='word_1_71' title='bbox 423 1249 524 1312; x_wconf 89' lang='lat' dir='ltr'><strong>utitur</strong></span> <span class='ocrx_word' id='word_1_72' title='bbox 547 1246 586 1310; x_wconf 91' lang='lat' dir='ltr'><strong>ad</strong></span> <span class='ocrx_word' id='word_1_73' title='bbox 609 1245 803 1311; x_wconf 87' lang='lat' dir='ltr'><strong>laudandum</strong></span> <span class='ocrx_word' id='word_1_74' title='bbox 820 1245 910 1309; x_wconf 91' lang='lat' dir='ltr'><strong>illum</strong></span> <span class='ocrx_word' id='word_1_75' title='bbox 929 1244 1171 1310; x_wconf 79' lang='lat' dir='ltr'><strong>Atheniensium</strong></span> <span class='ocrx_word' id='word_1_76' title='bbox 1188 1264 1316 1314; x_wconf 91' lang='lat' dir='ltr'><strong>morem.</strong></span> <span class='ocrx_word' id='word_1_77' title='bbox 1352 1247 1421 1310; x_wconf 90' lang='lat' dir='ltr'><strong>Hac</strong></span> <span class='ocrx_word' id='word_1_78' title='bbox 1437 1247 1522 1310; x_wconf 92' lang='lat' dir='ltr'><strong>enim</strong></span> 
     </span>
     <span class='ocr_line' id='line_1_11' title="bbox 290 1335 1521 1417; baseline -0.002 -16"><span class='ocrx_word' id='word_1_79' title='bbox 290 1356 323 1402; x_wconf 89' lang='lat' dir='ltr'><strong>re</strong></span> <span class='ocrx_word' id='word_1_80' title='bbox 354 1337 473 1402; x_wconf 89' lang='lat' dir='ltr'><strong>multos</strong></span> <span class='ocrx_word' id='word_1_81' title='bbox 505 1335 648 1413; x_wconf 88' lang='lat' dir='ltr'><strong>incitari,</strong></span> <span class='ocrx_word' id='word_1_82' title='bbox 680 1337 715 1399; x_wconf 93' lang='lat' dir='ltr'><strong>ut</strong></span> <span class='ocrx_word' id='word_1_83' title='bbox 745 1335 854 1417; x_wconf 91' lang='lat' dir='ltr'><strong>populi</strong></span> <span class='ocrx_word' id='word_1_84' title='bbox 878 1338 983 1416; x_wconf 89' lang='lat' dir='ltr'><strong>partes</strong></span> <span class='ocrx_word' id='word_1_85' title='bbox 1009 1335 1195 1415; x_wconf 90' lang='lat' dir='ltr'><strong>sequantur,</strong></span> <span class='ocrx_word' id='word_1_86' title='bbox 1228 1353 1299 1398; x_wconf 90' lang='lat' dir='ltr'><strong>cum</strong></span> <span class='ocrx_word' id='word_1_87' title='bbox 1323 1335 1451 1399; x_wconf 89' lang='lat' dir='ltr'><strong>videant</strong></span> <span class='ocrx_word' id='word_1_88' title='bbox 1475 1354 1521 1414; x_wconf 90' lang='lat' dir='ltr'><strong>ea,</strong></span> 
     </span>
     <span class='ocr_line' id='line_1_12' title="bbox 290 1423 1521 1510; baseline -0.002 -20"><span class='ocrx_word' id='word_1_89' title='bbox 290 1446 369 1510; x_wconf 91' lang='lat' dir='ltr'><strong>quae</strong></span> <span class='ocrx_word' id='word_1_90' title='bbox 393 1446 411 1492; x_wconf 94' lang='lat' dir='ltr'><strong>a</strong></span> <span class='ocrx_word' id='word_1_91' title='bbox 435 1445 468 1491; x_wconf 91' lang='lat' dir='ltr'><strong>se</strong></span> <span class='ocrx_word' id='word_1_92' title='bbox 499 1427 590 1509; x_wconf 88' lang='lat' dir='ltr'><strong>gesta</strong></span> <span class='ocrx_word' id='word_1_93' title='bbox 622 1425 703 1504; x_wconf 88' lang='lat' dir='ltr'><strong>siut,</strong></span> <span class='ocrx_word' id='word_1_94' title='bbox 735 1425 763 1488; x_wconf 90' lang='lat' dir='ltr'><strong>si</strong></span> <span class='ocrx_word' id='word_1_95' title='bbox 786 1443 848 1489; x_wconf 92' lang='lat' dir='ltr'><strong>uon</strong></span> <span class='ocrx_word' id='word_1_96' title='bbox 871 1423 966 1506; x_wconf 89' lang='lat' dir='ltr'><strong>ipsis,</strong></span> <span class='ocrx_word' id='word_1_97' title='bbox 998 1425 1104 1488; x_wconf 83' lang='lat' dir='ltr'><strong>tamon</strong></span> <span class='ocrx_word' id='word_1_98' title='bbox 1127 1423 1236 1488; x_wconf 89' lang='lat' dir='ltr'><strong>liberis</strong></span> <span class='ocrx_word' id='word_1_99' title='bbox 1263 1424 1328 1488; x_wconf 92' lang='lat' dir='ltr'><strong>suis</strong></span> <span class='ocrx_word' id='word_1_100' title='bbox 1352 1424 1521 1506; x_wconf 83' lang='lat' dir='ltr'><strong>prodessc3</strong></span> 
     </span>
     <span class='ocr_line' id='line_1_13' title="bbox 291 1513 1521 1597; baseline -0.002 -17"><span class='ocrx_word' id='word_1_101' title='bbox 291 1515 384 1580; x_wconf 90' lang='lat' dir='ltr'><strong>aliter</strong></span> <span class='ocrx_word' id='word_1_102' title='bbox 417 1515 527 1580; x_wconf 90' lang='lat' dir='ltr'><strong>liberis</strong></span> <span class='ocrx_word' id='word_1_103' title='bbox 562 1514 697 1597; x_wconf 86' lang='lat' dir='ltr'><strong>Lycurgi</strong></span> <span class='ocrx_word' id='word_1_104' title='bbox 733 1513 920 1596; x_wconf 83' lang='lat' dir='ltr'><strong>contigisse,</strong></span> <span class='ocrx_word' id='word_1_105' title='bbox 961 1532 1092 1595; x_wconf 90' lang='lat' dir='ltr'><strong>quorum</strong></span> <span class='ocrx_word' id='word_1_106' title='bbox 1113 1514 1218 1594; x_wconf 40' lang='lat' dir='ltr'><strong>*pater</strong></span> <span class='ocrx_word' id='word_1_107' title='bbox 1251 1514 1392 1595; x_wconf 91' lang='lat' dir='ltr'><strong>tempore</strong></span> <span class='ocrx_word' id='word_1_108' title='bbox 1427 1514 1521 1588; x_wconf 82' lang='lat' dir='ltr'><strong>modo</strong></span> 
     </span>
     <span class='ocr_line' id='line_1_14' title="bbox 288 1601 1523 1687; baseline -0.001 -19"><span class='ocrx_word' id='word_1_109' title='bbox 288 1605 458 1687; x_wconf 90' lang='lat' dir='ltr'><strong>praeterito</strong></span> <span class='ocrx_word' id='word_1_110' title='bbox 491 1604 529 1669; x_wconf 89' lang='lat' dir='ltr'><strong>de</strong></span> <span class='ocrx_word' id='word_1_111' title='bbox 561 1604 637 1668; x_wconf 90' lang='lat' dir='ltr'><strong>urbe</strong></span> <span class='ocrx_word' id='word_1_112' title='bbox 669 1603 787 1686; x_wconf 89' lang='lat' dir='ltr'><strong>optime</strong></span> <span class='ocrx_word' id='word_1_113' title='bbox 812 1605 961 1668; x_wconf 87' lang='lat' dir='ltr'><strong>meruerit</strong></span> <span class='ocrx_word' id='word_1_114' title='bbox 985 1602 1046 1685; x_wconf 89' lang='lat' dir='ltr'><strong>(ep.</strong></span> <span class='ocrx_word' id='word_1_115' title='bbox 1071 1602 1135 1680; x_wconf 88' lang='lat' dir='ltr'><strong>Ill,</strong></span> <span class='ocrx_word' id='word_1_116' title='bbox 1171 1603 1325 1686; x_wconf 87' lang='grc'><em>19-22).</em></span> <span class='ocrx_word' id='word_1_117' title='bbox 1373 1601 1523 1684; x_wconf 85' lang='lat' dir='ltr'><strong>Sequitur</strong></span> 
     </span>
     <span class='ocr_line' id='line_1_15' title="bbox 290 1691 1521 1774; baseline -0.002 -16"><span class='ocrx_word' id='word_1_118' title='bbox 290 1695 447 1759; x_wconf 87' lang='lat' dir='ltr'><strong>contraria</strong></span> <span class='ocrx_word' id='word_1_119' title='bbox 478 1712 538 1761; x_wconf 85' lang='lat' dir='ltr'><strong>res,</strong></span> <span class='ocrx_word' id='word_1_120' title='bbox 584 1695 612 1758; x_wconf 90' lang='lat' dir='ltr'><strong>A</strong></span> <span class='ocrx_word' id='word_1_121' title='bbox 635 1693 753 1758; x_wconf 89' lang='lat' dir='ltr'><strong>lectore</strong></span> <span class='ocrx_word' id='word_1_122' title='bbox 781 1693 977 1774; x_wconf 86' lang='lat' dir='ltr'><strong>postulatur,</strong></span> <span class='ocrx_word' id='word_1_123' title='bbox 1008 1693 1044 1756; x_wconf 91' lang='lat' dir='ltr'><strong>ut</strong></span> <span class='ocrx_word' id='word_1_124' title='bbox 1067 1691 1288 1771; x_wconf 90' lang='lat' dir='ltr'><strong>obliviscatur,</strong></span> <span class='ocrx_word' id='word_1_125' title='bbox 1321 1692 1521 1774; x_wconf 90' lang='lat' dir='ltr'><strong>quodmodo</strong></span> 
     </span>
     <span class='ocr_line' id='line_1_16' title="bbox 290 1781 1522 1865; baseline -0.001 -18"><span class='ocrx_word' id='word_1_126' title='bbox 290 1784 480 1865; x_wconf 80' lang='lat' dir='ltr'><strong>explicatum</strong></span> <span class='ocrx_word' id='word_1_127' title='bbox 505 1784 554 1848; x_wconf 88' lang='lat' dir='ltr'><strong>est</strong></span> <span class='ocrx_word' id='word_1_128' title='bbox 576 1783 728 1864; x_wconf 89' lang='lat' dir='ltr'><strong>populum</strong></span> <span class='ocrx_word' id='word_1_129' title='bbox 751 1781 910 1846; x_wconf 90' lang='lat' dir='ltr'><strong>interdum</strong></span> <span class='ocrx_word' id='word_1_130' title='bbox 934 1782 1060 1864; x_wconf 88' lang='lat' dir='ltr'><strong>gratum</strong></span> <span class='ocrx_word' id='word_1_131' title='bbox 1084 1800 1157 1864; x_wconf 88' lang='lat' dir='ltr'><strong>erga</strong></span> <span class='ocrx_word' id='word_1_132' title='bbox 1182 1781 1349 1846; x_wconf 90' lang='lat' dir='ltr'><strong>benevolos</strong></span> <span class='ocrx_word' id='word_1_133' title='bbox 1374 1783 1406 1846; x_wconf 90' lang='lat' dir='ltr'><strong>et</strong></span> <span class='ocrx_word' id='word_1_134' title='bbox 1425 1783 1522 1846; x_wconf 91' lang='lat' dir='ltr'><strong>hene·</strong></span> 
     </span>
     <span class='ocr_line' id='line_1_17' title="bbox 288 1869 1522 1955; baseline -0.003 -17"><span class='ocrx_word' id='word_1_135' title='bbox 288 1873 364 1938; x_wconf 89' lang='lat' dir='ltr'><strong>ficos</strong></span> <span class='ocrx_word' id='word_1_136' title='bbox 397 1892 431 1937; x_wconf 88' lang='lat' dir='ltr'><strong>se</strong></span> <span class='ocrx_word' id='word_1_137' title='bbox 462 1871 671 1955; x_wconf 89' lang='lat' dir='ltr'><strong>praestitisse.</strong></span> <span class='ocrx_word' id='word_1_138' title='bbox 717 1873 746 1936; x_wconf 89' lang='lat' dir='ltr'><strong>A</strong></span> <span class='ocrx_word' id='word_1_139' title='bbox 777 1890 809 1935; x_wconf 91' lang='lat' dir='ltr'><strong>rc</strong></span> <span class='ocrx_word' id='word_1_140' title='bbox 833 1871 967 1954; x_wconf 85' lang='lat' dir='ltr'><strong>Lycurgi</strong></span> <span class='ocrx_word' id='word_1_141' title='bbox 998 1871 1169 1935; x_wconf 89' lang='lat' dir='ltr'><strong>liberorum</strong></span> <span class='ocrx_word' id='word_1_142' title='bbox 1194 1869 1388 1936; x_wconf 86' lang='lat' dir='ltr'><strong>defendenda</strong></span> <span class='ocrx_word' id='word_1_143' title='bbox 1412 1872 1522 1936; x_wconf 87' lang='lat' dir='ltr'><strong>auctor</strong></span> 
     </span>
     <span class='ocr_line' id='line_1_18' title="bbox 288 1959 1520 2043; baseline 0 -17"><span class='ocrx_word' id='word_1_144' title='bbox 288 1961 408 2026; x_wconf 87' lang='lat' dir='ltr'><strong>recedit</strong></span> <span class='ocrx_word' id='word_1_145' title='bbox 430 1961 608 2043; x_wconf 86' lang='lat' dir='ltr'><strong>transitque</strong></span> <span class='ocrx_word' id='word_1_146' title='bbox 633 1961 672 2026; x_wconf 90' lang='lat' dir='ltr'><strong>ad</strong></span> <span class='ocrx_word' id='word_1_147' title='bbox 695 1961 874 2024; x_wconf 88' lang='lat' dir='ltr'><strong>universam</strong></span> <span class='ocrx_word' id='word_1_148' title='bbox 895 1960 1090 2024; x_wconf 90' lang='lat' dir='ltr'><strong>Athenarum</strong></span> <span class='ocrx_word' id='word_1_149' title='bbox 1114 1961 1272 2024; x_wconf 89' lang='lat' dir='ltr'><strong>fortunam</strong></span> <span class='ocrx_word' id='word_1_150' title='bbox 1297 1959 1520 2042; x_wconf 87' lang='lat' dir='ltr'><strong>exponendam.</strong></span> 
     </span>
     <span class='ocr_line' id='line_1_19' title="bbox 288 2049 1522 2133; baseline -0.002 -17"><span class='ocrx_word' id='word_1_151' title='bbox 288 2051 449 2133; x_wconf 79' lang='lat' dir='ltr'><strong>Exemplis</strong></span> <span class='ocrx_word' id='word_1_152' title='bbox 482 2051 566 2115; x_wconf 89' lang='lat' dir='ltr'><strong>enim</strong></span> <span class='ocrx_word' id='word_1_153' title='bbox 598 2049 755 2114; x_wconf 90' lang='lat' dir='ltr'><strong>declarare</strong></span> <span class='ocrx_word' id='word_1_154' title='bbox 787 2049 909 2128; x_wconf 88' lang='lat' dir='ltr'><strong>studet,</strong></span> <span class='ocrx_word' id='word_1_155' title='bbox 946 2051 1062 2131; x_wconf 91' lang='lat' dir='ltr'><strong>quanto</strong></span> <span class='ocrx_word' id='word_1_156' title='bbox 1093 2049 1253 2114; x_wconf 90' lang='lat' dir='ltr'><strong>interdum</strong></span> <span class='ocrx_word' id='word_1_157' title='bbox 1284 2049 1397 2114; x_wconf 92' lang='lat' dir='ltr'><strong>melius</strong></span> <span class='ocrx_word' id='word_1_158' title='bbox 1428 2049 1453 2113; x_wconf 91' lang='lat' dir='ltr'><strong>ii</strong></span> <span class='ocrx_word' id='word_1_159' title='bbox 1486 2069 1522 2114; x_wconf 90' lang='lat' dir='ltr'><strong>se</strong></span> 
     </span>
     <span class='ocr_line' id='line_1_20' title="bbox 287 2138 1522 2222; baseline -0.001 -18"><span class='ocrx_word' id='word_1_160' title='bbox 287 2141 442 2218; x_wconf 88' lang='lat' dir='ltr'><strong>habeant,</strong></span> <span class='ocrx_word' id='word_1_161' title='bbox 477 2139 530 2222; x_wconf 91' lang='lat' dir='ltr'><strong>qui</strong></span> <span class='ocrx_word' id='word_1_162' title='bbox 562 2141 692 2221; x_wconf 91' lang='lat' dir='ltr'><strong>aparte</strong></span> <span class='ocrx_word' id='word_1_163' title='bbox 715 2139 915 2203; x_wconf 89' lang='lat' dir='ltr'><strong>inimicorum</strong></span> <span class='ocrx_word' id='word_1_164' title='bbox 940 2141 1042 2218; x_wconf 90' lang='lat' dir='ltr'><strong>stent,</strong></span> <span class='ocrx_word' id='word_1_165' title='bbox 1075 2157 1167 2220; x_wconf 91' lang='lat' dir='ltr'><strong>quam</strong></span> <span class='ocrx_word' id='word_1_166' title='bbox 1192 2139 1216 2203; x_wconf 93' lang='lat' dir='ltr'><strong>ii</strong></span> <span class='ocrx_word' id='word_1_167' title='bbox 1239 2138 1388 2221; x_wconf 84' lang='lat' dir='ltr'><strong>quivere</strong></span> <span class='ocrx_word' id='word_1_168' title='bbox 1411 2139 1522 2221; x_wconf 92' lang='lat' dir='ltr'><strong>populi</strong></span> 
     </span>
     <span class='ocr_line' id='line_1_21' title="bbox 289 2227 1521 2312; baseline -0.001 -18"><span class='ocrx_word' id='word_1_169' title='bbox 289 2230 355 2294; x_wconf 87' lang='lat' dir='ltr'><strong>sint</strong></span> <span class='ocrx_word' id='word_1_170' title='bbox 378 2229 488 2308; x_wconf 89' lang='lat' dir='ltr'><strong>amici,</strong></span> <span class='ocrx_word' id='word_1_171' title='bbox 521 2249 591 2294; x_wconf 91' lang='lat' dir='ltr'><strong>cum</strong></span> <span class='ocrx_word' id='word_1_172' title='bbox 615 2229 682 2293; x_wconf 91' lang='lat' dir='ltr'><strong>illis</strong></span> <span class='ocrx_word' id='word_1_173' title='bbox 705 2227 830 2293; x_wconf 89' lang='lat' dir='ltr'><strong>facilius</strong></span> <span class='ocrx_word' id='word_1_174' title='bbox 855 2228 1037 2312; x_wconf 89' lang='lat' dir='ltr'><strong>ignoscatur</strong></span> <span class='ocrx_word' id='word_1_175' title='bbox 1060 2228 1091 2312; x_wconf 61' lang='grc' dir='ltr'><strong>(ᾗ</strong></span> <span class='ocrx_word' id='word_1_176' title='bbox 1116 2228 1272 2311; x_wconf 84' lang='grc'><em>23-28).</em></span> <span class='ocrx_word' id='word_1_177' title='bbox 1320 2227 1381 2293; x_wconf 84' lang='lat' dir='ltr'><strong>Sed</strong></span> <span class='ocrx_word' id='word_1_178' title='bbox 1404 2228 1437 2292; x_wconf 94' lang='lat' dir='ltr'><strong>in</strong></span> <span class='ocrx_word' id='word_1_179' title='bbox 1461 2229 1521 2293; x_wconf 92' lang='lat' dir='ltr'><strong>hac</strong></span> 
     </span>
     <span class='ocr_line' id='line_1_22' title="bbox 288 2317 1521 2401; baseline -0.001 -18"><span class='ocrx_word' id='word_1_180' title='bbox 288 2338 321 2383; x_wconf 91' lang='lat' dir='ltr'><strong>re</strong></span> <span class='ocrx_word' id='word_1_181' title='bbox 346 2322 455 2384; x_wconf 88' lang='lat' dir='ltr'><strong>auctor</strong></span> <span class='ocrx_word' id='word_1_182' title='bbox 479 2319 564 2384; x_wconf 94' lang='lat' dir='ltr'><strong>omui</strong></span> <span class='ocrx_word' id='word_1_183' title='bbox 589 2320 655 2383; x_wconf 89' lang='lat' dir='ltr'><strong>arte</strong></span> <span class='ocrx_word' id='word_1_184' title='bbox 679 2317 783 2401; x_wconf 90' lang='lat' dir='ltr'><strong>logica</strong></span> <span class='ocrx_word' id='word_1_185' title='bbox 807 2317 1001 2385; x_wconf 88' lang='lat' dir='ltr'><strong>destituitur.</strong></span> <span class='ocrx_word' id='word_1_186' title='bbox 1047 2317 1194 2382; x_wconf 89' lang='lat' dir='ltr'><strong>Lachetis</strong></span> <span class='ocrx_word' id='word_1_187' title='bbox 1211 2317 1346 2400; x_wconf 75' lang='lat' dir='ltr'><strong>‚quidem</strong></span> <span class='ocrx_word' id='word_1_188' title='bbox 1368 2318 1521 2400; x_wconf 83' lang='lat' dir='ltr'><strong>exemplo,</strong></span> 
     </span>
     <span class='ocr_line' id='line_1_23' title="bbox 288 2407 1520 2491; baseline 0 -19"><span class='ocrx_word' id='word_1_189' title='bbox 288 2408 342 2490; x_wconf 95' lang='lat' dir='ltr'><strong>qui</strong></span> <span class='ocrx_word' id='word_1_190' title='bbox 372 2409 405 2473; x_wconf 94' lang='lat' dir='ltr'><strong>in</strong></span> <span class='ocrx_word' id='word_1_191' title='bbox 437 2427 591 2474; x_wconf 88' lang='lat' dir='ltr'><strong>carcerem</strong></span> <span class='ocrx_word' id='word_1_192' title='bbox 624 2427 721 2490; x_wconf 86' lang='lat' dir='ltr'><strong>aeque</strong></span> <span class='ocrx_word' id='word_1_193' title='bbox 745 2427 780 2472; x_wconf 90' lang='lat' dir='ltr'><strong>ac</strong></span> <span class='ocrx_word' id='word_1_194' title='bbox 803 2407 938 2491; x_wconf 91' lang='lat' dir='ltr'><strong>Lycurgi</strong></span> <span class='ocrx_word' id='word_1_195' title='bbox 961 2407 1054 2472; x_wconf 82' lang='lat' dir='ltr'><strong>liberi</strong></span> <span class='ocrx_word' id='word_1_196' title='bbox 1077 2407 1179 2472; x_wconf 88' lang='lat' dir='ltr'><strong>iactus</strong></span> <span class='ocrx_word' id='word_1_197' title='bbox 1202 2407 1397 2482; x_wconf 83' lang='lat' dir='ltr'><strong>Alexandro,</strong></span> <span class='ocrx_word' id='word_1_198' title='bbox 1430 2407 1520 2472; x_wconf 90' lang='lat' dir='ltr'><strong>cuius</strong></span> 
     </span>
     <span class='ocr_line' id='line_1_24' title="bbox 288 2497 1521 2578; baseline -0.002 -16"><span class='ocrx_word' id='word_1_199' title='bbox 288 2498 488 2562; x_wconf 90' lang='lat' dir='ltr'><strong>commodum</strong></span> <span class='ocrx_word' id='word_1_200' title='bbox 519 2500 697 2576; x_wconf 90' lang='lat' dir='ltr'><strong>curaverat,</strong></span> <span class='ocrx_word' id='word_1_201' title='bbox 729 2497 855 2561; x_wconf 86' lang='lat' dir='ltr'><strong>litteras</strong></span> <span class='ocrx_word' id='word_1_202' title='bbox 887 2498 1034 2561; x_wconf 87' lang='lat' dir='ltr'><strong>mittente</strong></span> <span class='ocrx_word' id='word_1_203' title='bbox 1058 2497 1143 2561; x_wconf 90' lang='lat' dir='ltr'><strong>omui</strong></span> <span class='ocrx_word' id='word_1_204' title='bbox 1168 2497 1260 2578; x_wconf 89' lang='lat' dir='ltr'><strong>culpa</strong></span> <span class='ocrx_word' id='word_1_205' title='bbox 1283 2497 1436 2562; x_wconf 90' lang='lat' dir='ltr'><strong>liberatus</strong></span> <span class='ocrx_word' id='word_1_206' title='bbox 1461 2499 1521 2576; x_wconf 91' lang='lat' dir='ltr'><strong>est,</strong></span> 
     </span>
     <span class='ocr_line' id='line_1_25' title="bbox 287 2585 1522 2669; baseline -0.001 -18"><span class='ocrx_word' id='word_1_207' title='bbox 287 2588 406 2669; x_wconf 87' lang='lat' dir='ltr'><strong>optime</strong></span> <span class='ocrx_word' id='word_1_208' title='bbox 450 2587 700 2664; x_wconf 87' lang='lat' dir='ltr'><strong>demonstratur,</strong></span> <span class='ocrx_word' id='word_1_209' title='bbox 742 2585 824 2667; x_wconf 91' lang='lat' dir='ltr'><strong>quod</strong></span> <span class='ocrx_word' id='word_1_210' title='bbox 860 2588 927 2650; x_wconf 90' lang='lat' dir='ltr'><strong>erat</strong></span> <span class='ocrx_word' id='word_1_211' title='bbox 963 2585 1252 2654; x_wconf 87' lang='lat' dir='ltr'><strong>demonstrandum.</strong></span> <span class='ocrx_word' id='word_1_212' title='bbox 1312 2586 1356 2650; x_wconf 91' lang='lat' dir='ltr'><strong>At</strong></span> <span class='ocrx_word' id='word_1_213' title='bbox 1391 2585 1522 2650; x_wconf 90' lang='lat' dir='ltr'><strong>minime</strong></span> 
     </span>
     <span class='ocr_line' id='line_1_26' title="bbox 288 2675 1522 2757; baseline -0.001 -17"><span class='ocrx_word' id='word_1_214' title='bbox 288 2678 397 2757; x_wconf 91' lang='lat' dir='ltr'><strong>aptum</strong></span> <span class='ocrx_word' id='word_1_215' title='bbox 422 2679 471 2740; x_wconf 91' lang='lat' dir='ltr'><strong>est</strong></span> <span class='ocrx_word' id='word_1_216' title='bbox 487 2675 661 2740; x_wconf 87' lang='lat' dir='ltr'><strong>Mnesibuli</strong></span> <span class='ocrx_word' id='word_1_217' title='bbox 679 2675 864 2756; x_wconf 82' lang='lat' dir='ltr'><strong>exemplum.</strong></span> <span class='ocrx_word' id='word_1_218' title='bbox 912 2675 1036 2739; x_wconf 87' lang='lat' dir='ltr'><strong>Dicitur</strong></span> <span class='ocrx_word' id='word_1_219' title='bbox 1052 2675 1135 2740; x_wconf 92' lang='lat' dir='ltr'><strong>euim</strong></span> <span class='ocrx_word' id='word_1_220' title='bbox 1153 2676 1307 2757; x_wconf 85' lang='lat' dir='ltr'><strong>expressis</strong></span> <span class='ocrx_word' id='word_1_221' title='bbox 1325 2675 1429 2740; x_wconf 87' lang='lat' dir='ltr'><strong>verbis</strong></span> <span class='ocrx_word' id='word_1_222' title='bbox 1448 2694 1522 2739; x_wconf 91' lang='lat' dir='ltr'><strong>eum</strong></span> 
     </span>
     <span class='ocr_line' id='line_1_27' title="bbox 286 2763 1521 2852; baseline 0 -24"><span class='ocrx_word' id='word_1_223' title='bbox 286 2764 386 2829; x_wconf 89' lang='lat' dir='ltr'><strong>fuisse</strong></span> <span class='ocrx_word' id='word_1_224' title='bbox 409 2765 570 2830; x_wconf 90' lang='lat' dir='ltr'><strong>hominem</strong></span> <span class='ocrx_word' id='word_1_225' title='bbox 594 2764 677 2848; x_wconf 87' lang='lat' dir='ltr'><strong>frugi</strong></span> <span class='ocrx_word' id='word_1_226' title='bbox 702 2763 805 2847; x_wconf 72' lang='grc' dir='ltr'><strong><em>(ἄξιος</em></strong></span> <span class='ocrx_word' id='word_1_227' title='bbox 826 2766 886 2851; x_wconf 73' lang='grc' dir='ltr'><strong>γὰρ</strong></span> <span class='ocrx_word' id='word_1_228' title='bbox 910 2763 1009 2852; x_wconf 78' lang='grc' dir='ltr'><strong><em>ἁνήρ,</em></strong></span> <span class='ocrx_word' id='word_1_229' title='bbox 1044 2765 1062 2847; x_wconf 80' lang='lat'>§</span> <span class='ocrx_word' id='word_1_230' title='bbox 1087 2765 1152 2848; x_wconf 80' lang='grc'><strong>25).</strong></span> <span class='ocrx_word' id='word_1_231' title='bbox 1198 2764 1296 2846; x_wconf 89' lang='lat' dir='ltr'><strong>Atqui</strong></span> <span class='ocrx_word' id='word_1_232' title='bbox 1320 2784 1382 2829; x_wconf 89' lang='lat' dir='ltr'><strong>non</strong></span> <span class='ocrx_word' id='word_1_233' title='bbox 1406 2784 1521 2847; x_wconf 91' lang='lat' dir='ltr'><strong>propo·</strong></span> 
     </span>
     <span class='ocr_line' id='line_1_28' title="bbox 287 2853 1521 2936; baseline 0 -18"><span class='ocrx_word' id='word_1_234' title='bbox 287 2855 386 2918; x_wconf 92' lang='lat' dir='ltr'><strong>situm</strong></span> <span class='ocrx_word' id='word_1_235' title='bbox 410 2856 486 2933; x_wconf 87' lang='lat' dir='ltr'><strong>erat,</strong></span> <span class='ocrx_word' id='word_1_236' title='bbox 511 2854 608 2919; x_wconf 88' lang='lat' dir='ltr'><strong>utde</strong></span> <span class='ocrx_word' id='word_1_237' title='bbox 632 2854 813 2918; x_wconf 90' lang='lat' dir='ltr'><strong>homiuibus</strong></span> <span class='ocrx_word' id='word_1_238' title='bbox 837 2853 929 2936; x_wconf 85' lang='lat' dir='ltr'><strong>frugi,</strong></span> <span class='ocrx_word' id='word_1_239' title='bbox 954 2853 1069 2919; x_wconf 87' lang='lat' dir='ltr'><strong>sedut</strong></span> <span class='ocrx_word' id='word_1_240' title='bbox 1092 2853 1175 2918; x_wconf 92' lang='lat' dir='ltr'><strong>de</strong></span> <span class='ocrx_word' id='word_1_241' title='bbox 1154 2873 1194 2918; x_wconf 92' lang='lat' dir='ltr'><strong>us</strong></span> <span class='ocrx_word' id='word_1_242' title='bbox 1219 2872 1321 2919; x_wconf 91' lang='lat' dir='ltr'><strong>sermo</strong></span> <span class='ocrx_word' id='word_1_243' title='bbox 1347 2857 1440 2931; x_wconf 91' lang='lat' dir='ltr'><strong>esset,</strong></span> <span class='ocrx_word' id='word_1_244' title='bbox 1465 2854 1521 2936; x_wconf 92' lang='lat' dir='ltr'><strong>qui</strong></span> 
     </span>
     <span class='ocr_line' id='line_1_29' title="bbox 288 2905 1521 3026; baseline 0 -18"><span class='ocrx_word' id='word_1_245' title='bbox 288 2945 397 3008; x_wconf 88' lang='lat' dir='ltr'><strong>contra</strong></span> <span class='ocrx_word' id='word_1_246' title='bbox 421 2905 537 3009; x_wconf 74' lang='lat' dir='ltr'><strong>civium</strong></span> <span class='ocrx_word' id='word_1_247' title='bbox 563 2943 740 3008; x_wconf 91' lang='lat' dir='ltr'><strong>saluteme</strong></span> <span class='ocrx_word' id='word_1_248' title='bbox 724 2943 874 3026; x_wconf 86' lang='lat' dir='ltr'><strong>egissent.</strong></span> <span class='ocrx_word' id='word_1_249' title='bbox 922 2943 1036 3023; x_wconf 79' lang='lat' dir='ltr'><strong>Quid</strong></span> <span class='ocrx_word' id='word_1_250' title='bbox 1027 2945 1088 3026; x_wconf 89' lang='lat' dir='ltr'><strong>rgit</strong></span> <span class='ocrx_word' id='word_1_251' title='bbox 1090 2964 1126 3008; x_wconf 94' lang='lat' dir='ltr'><strong>ur</strong></span> <span class='ocrx_word' id='word_1_252' title='bbox 1075 2944 1208 3008; x_wconf 93' lang='lat' dir='ltr'><strong>thoc</strong></span> <span class='ocrx_word' id='word_1_253' title='bbox 1233 2943 1373 3026; x_wconf 83' lang='lat' dir='ltr'><strong>exemplo</strong></span> <span class='ocrx_word' id='word_1_254' title='bbox 1393 2944 1521 3026; x_wconf 89' lang='lat' dir='ltr'><strong>probari</strong></span> 
     </span>
     <span class='ocr_line' id='line_1_30' title="bbox 285 3033 1519 3115; baseline 0.001 -18"><span class='ocrx_word' id='word_1_255' title='bbox 285 3035 414 3114; x_wconf 85' lang='lat' dir='ltr'><strong>potest?</strong></span> <span class='ocrx_word' id='word_1_256' title='bbox 461 3033 509 3099; x_wconf 91' lang='lat' dir='ltr'><strong>Ne</strong></span> <span class='ocrx_word' id='word_1_257' title='bbox 532 3033 677 3098; x_wconf 90' lang='lat' dir='ltr'><strong>Blassius</strong></span> <span class='ocrx_word' id='word_1_258' title='bbox 710 3033 835 3114; x_wconf 93' lang='lat' dir='ltr'><strong>quidem</strong></span> <span class='ocrx_word' id='word_1_259' title='bbox 867 3033 947 3098; x_wconf 88' lang='lat' dir='ltr'><strong>hanc</strong></span> <span class='ocrx_word' id='word_1_260' title='bbox 978 3033 1198 3098; x_wconf 87' lang='lat' dir='ltr'><strong>difficultatem</strong></span> <span class='ocrx_word' id='word_1_261' title='bbox 1229 3033 1387 3098; x_wconf 88' lang='lat' dir='ltr'><strong>infitiatur</strong></span> <span class='ocrx_word' id='word_1_262' title='bbox 1417 3051 1519 3115; x_wconf 91' lang='lat' dir='ltr'><strong>neque</strong></span> 
     </span>
     <span class='ocr_line' id='line_1_31' title="bbox 286 3122 1520 3204; baseline 0.001 -19"><span class='ocrx_word' id='word_1_263' title='bbox 286 3122 353 3186; x_wconf 92' lang='lat' dir='ltr'><strong>ulla</strong></span> <span class='ocrx_word' id='word_1_264' title='bbox 383 3123 503 3187; x_wconf 90' lang='lat' dir='ltr'><strong>ratione</strong></span> <span class='ocrx_word' id='word_1_265' title='bbox 535 3141 681 3187; x_wconf 85' lang='lat' dir='ltr'><strong>excusare</strong></span> <span class='ocrx_word' id='word_1_266' title='bbox 713 3124 767 3186; x_wconf 89' lang='lat' dir='ltr'><strong>aut</strong></span> <span class='ocrx_word' id='word_1_267' title='bbox 797 3123 911 3186; x_wconf 86' lang='lat' dir='ltr'><strong>tollere</strong></span> <span class='ocrx_word' id='word_1_268' title='bbox 933 3123 1049 3204; x_wconf 89' lang='lat' dir='ltr'><strong>potest.</strong></span> <span class='ocrx_word' id='word_1_269' title='bbox 1096 3122 1178 3186; x_wconf 88' lang='lat' dir='ltr'><strong>Nam</strong></span> <span class='ocrx_word' id='word_1_270' title='bbox 1203 3122 1281 3186; x_wconf 92' lang='lat' dir='ltr'><strong>diut</strong></span> <span class='ocrx_word' id='word_1_271' title='bbox 1258 3125 1321 3186; x_wconf 88' lang='lat' dir='ltr'><strong>trus</strong></span> <span class='ocrx_word' id='word_1_272' title='bbox 1345 3122 1435 3188; x_wconf 90' lang='lat' dir='ltr'><strong>hac</strong></span> <span class='ocrx_word' id='word_1_273' title='bbox 1427 3142 1460 3186; x_wconf 88' lang='lat' dir='ltr'><strong>ru</strong></span> <span class='ocrx_word' id='word_1_274' title='bbox 1484 3143 1520 3187; x_wconf 91' lang='lat' dir='ltr'><strong>re</strong></span> 
     </span>
     <span class='ocr_line' id='line_1_32' title="bbox 287 3211 1518 3295; baseline 0 -19"><span class='ocrx_word' id='word_1_275' title='bbox 287 3212 396 3276; x_wconf 88' lang='lat' dir='ltr'><strong>auctor</strong></span> <span class='ocrx_word' id='word_1_276' title='bbox 421 3213 632 3276; x_wconf 89' lang='lat' dir='ltr'><strong>commoratur</strong></span> <span class='ocrx_word' id='word_1_277' title='bbox 657 3213 750 3293; x_wconf 90' lang='lat' dir='ltr'><strong>atque</strong></span> <span class='ocrx_word' id='word_1_278' title='bbox 773 3211 806 3275; x_wconf 90' lang='lat' dir='ltr'><strong>id</strong></span> <span class='ocrx_word' id='word_1_279' title='bbox 831 3211 913 3293; x_wconf 96' lang='lat' dir='ltr'><strong>quod</strong></span> <span class='ocrx_word' id='word_1_280' title='bbox 937 3212 999 3276; x_wconf 92' lang='lat' dir='ltr'><strong>sihi</strong></span> <span class='ocrx_word' id='word_1_281' title='bbox 1014 3212 1164 3295; x_wconf 92' lang='lat' dir='ltr'><strong>proposui</strong></span> <span class='ocrx_word' id='word_1_282' title='bbox 1166 3213 1375 3294; x_wconf 85' lang='lat' dir='ltr'><strong>trapetithis</strong></span> <span class='ocrx_word' id='word_1_283' title='bbox 1393 3211 1518 3276; x_wconf 89' lang='lat' dir='ltr'><strong>verbis:</strong></span> 
     </span>
     <span class='ocr_line' id='line_1_33' title="bbox 283 3299 1520 3388; baseline 0.003 -24"><span class='ocrx_word' id='word_1_284' title='bbox 283 3303 328 3388; x_wconf 78' lang='grc' dir='ltr'><strong>μὴ</strong></span> <span class='ocrx_word' id='word_1_285' title='bbox 354 3305 469 3367; x_wconf 83' lang='grc' dir='ltr'><strong><em>τοίνυν</em></strong></span> <span class='ocrx_word' id='word_1_286' title='bbox 492 3302 529 3366; x_wconf 82' lang='grc' dir='ltr'><strong>τὸ</strong></span> <span class='ocrx_word' id='word_1_287' title='bbox 553 3305 741 3388; x_wconf 76' lang='grc' dir='ltr'><strong><em>κτήσασθαι</em></strong></span> <span class='ocrx_word' id='word_1_288' title='bbox 764 3303 840 3388; x_wconf 78' lang='grc' dir='ltr'><strong>τὴν</strong></span> <span class='ocrx_word' id='word_1_289' title='bbox 871 3299 1037 3384; x_wconf 84' lang='grc' dir='ltr'><strong><em>ἐξιοθεν</em></strong></span> <span class='ocrx_word' id='word_1_290' title='bbox 1069 3302 1220 3388; x_wconf 82' lang='grc' dir='ltr'><em>φιλίαν</em></span> <span class='ocrx_word' id='word_1_291' title='bbox 1250 3302 1520 3386; x_wconf 76' lang='grc' dir='ltr'><strong><em>λυσιτελέστερον</em></strong></span> 
     </span>
     <span class='ocr_line' id='line_1_34' title="bbox 283 3389 1520 3485; baseline 0.002 -31"><span class='ocrx_word' id='word_1_292' title='bbox 283 3389 430 3456; x_wconf 73' lang='grc' dir='ltr'><strong><em>δείκνυτε</em></strong></span> <span class='ocrx_word' id='word_1_293' title='bbox 461 3392 502 3485; x_wconf 50' lang='lat' dir='ltr'><strong>d.</strong></span> <span class='ocrx_word' id='word_1_294' title='bbox 512 3391 549 3455; x_wconf 79' lang='grc' dir='ltr'><strong>τὸ</strong></span> <span class='ocrx_word' id='word_1_295' title='bbox 580 3415 694 3476; x_wconf 81' lang='lat' dir='ltr'><strong>rqrq</strong></span> <span class='ocrx_word' id='word_1_296' title='bbox 657 3390 747 3476; x_wconf 63' lang='lat' dir='ltr'><strong>drqyprr</strong></span> <span class='ocrx_word' id='word_1_297' title='bbox 779 3395 1084 3477; x_wconf 73' lang='grc' dir='ltr'><strong><em>παρακαταθέσθαι</em></strong></span> <span class='ocrx_word' id='word_1_298' title='bbox 1118 3389 1238 3456; x_wconf 79' lang='grc' dir='ltr'><strong><em>ἑαυτὸν</em></strong></span> <span class='ocrx_word' id='word_1_299' title='bbox 1268 3391 1349 3478; x_wconf 75' lang='grc' dir='ltr'><strong>μηδὲ</strong></span> <span class='ocrx_word' id='word_1_300' title='bbox 1380 3391 1417 3455; x_wconf 78' lang='grc' dir='ltr'><strong>τὸ</strong></span> <span class='ocrx_word' id='word_1_301' title='bbox 1449 3416 1520 3457; x_wconf 80' lang='grc' dir='ltr'><strong>νων</strong></span> 
     </span>
     <span class='ocr_line' id='line_1_35' title="bbox 250 3475 1519 3568; baseline 0.001 -25"><span class='ocrx_word' id='word_1_302' title='bbox 250 3481 252 3484; x_wconf 75' lang='grc'><strong>’</strong></span> <span class='ocrx_word' id='word_1_303' title='bbox 283 3477 442 3564; x_wconf 81' lang='grc' dir='ltr'><strong><em>ἅγνώιιον</em></strong></span> <span class='ocrx_word' id='word_1_304' title='bbox 473 3475 557 3546; x_wconf 84' lang='grc' dir='ltr'><strong><em>εἶναι</em></strong></span> <span class='ocrx_word' id='word_1_305' title='bbox 584 3491 732 3566; x_wconf 78' lang='grc' dir='ltr'><strong><em>κρεῖττον</em></strong></span> <span class='ocrx_word' id='word_1_306' title='bbox 756 3481 774 3566; x_wconf 80' lang='grc' dir='ltr'>ἢ</span> <span class='ocrx_word' id='word_1_307' title='bbox 798 3491 867 3557; x_wconf 79' lang='grc' dir='ltr'><strong><em>τοῖς</em></strong></span> <span class='ocrx_word' id='word_1_308' title='bbox 889 3479 1063 3557; x_wconf 70' lang='grc' dir='ltr'><strong>πολλοῖςί</strong></span> <span class='ocrx_word' id='word_1_309' title='bbox 1047 3505 1080 3562; x_wconf 79' lang='lat' dir='ltr'><strong>oy</strong></span> <span class='ocrx_word' id='word_1_310' title='bbox 1082 3491 1126 3546; x_wconf 88' lang='grc' dir='ltr'><strong><em>ιῑν</em></strong></span> <span class='ocrx_word' id='word_1_311' title='bbox 1149 3482 1190 3545; x_wconf 78' lang='grc' dir='ltr'><strong>τὰ</strong></span> <span class='ocrx_word' id='word_1_312' title='bbox 1214 3485 1427 3568; x_wconf 80' lang='grc' dir='ltr'><strong><em>συμφέροντα</em></strong></span> <span class='ocrx_word' id='word_1_313' title='bbox 1451 3503 1519 3545; x_wconf 81' lang='grc' dir='ltr'><strong><em>νιο-</em></strong></span> 
     </span>
     <span class='ocr_line' id='line_1_36' title="bbox 282 3568 1519 3654; baseline 0.002 -23"><span class='ocrx_word' id='word_1_314' title='bbox 282 3568 404 3652; x_wconf 68' lang='grc' dir='ltr'><strong><em>λιεευόι</em></strong></span> <span class='ocrx_word' id='word_1_315' title='bbox 406 3593 495 3635; x_wconf 86' lang='grc' dir='ltr'><strong><em>ιενον</em></strong></span> <span class='ocrx_word' id='word_1_316' title='bbox 518 3571 761 3654; x_wconf 72' lang='grc' dir='ltr'><strong><em>γιγνώσκεσθαι</em></strong></span> <span class='ocrx_word' id='word_1_317' title='bbox 785 3569 817 3652; x_wconf 63' lang='grc' dir='ltr'><strong>(ἓ</strong></span> <span class='ocrx_word' id='word_1_318' title='bbox 841 3571 907 3652; x_wconf 78' lang='grc'><strong>27),</strong></span> <span class='ocrx_word' id='word_1_319' title='bbox 955 3568 1031 3648; x_wconf 80' lang='lat' dir='ltr'><strong>Quis</strong></span> <span class='ocrx_word' id='word_1_320' title='bbox 1057 3572 1111 3634; x_wconf 90' lang='lat' dir='ltr'><strong>aut</strong></span> <span class='ocrx_word' id='word_1_321' title='bbox 1113 3589 1162 3634; x_wconf 92' lang='lat' dir='ltr'><strong>em</strong></span> <span class='ocrx_word' id='word_1_322' title='bbox 1183 3572 1232 3634; x_wconf 87' lang='lat' dir='ltr'><strong>est</strong></span> <span class='ocrx_word' id='word_1_323' title='bbox 1234 3570 1313 3652; x_wconf 90' lang='lat' dir='ltr'><strong>,qui</strong></span> <span class='ocrx_word' id='word_1_324' title='bbox 1330 3568 1519 3635; x_wconf 87' lang='lat' dir='ltr'><strong>contendere</strong></span> 
     </span>
     <span class='ocr_line' id='line_1_37' title="bbox 283 3657 1519 3741; baseline 0 -19"><span class='ocrx_word' id='word_1_325' title='bbox 283 3657 428 3722; x_wconf 88' lang='lat' dir='ltr'><strong>audeat</strong></span> <span class='ocrx_word' id='word_1_326' title='bbox 419 3677 525 3740; x_wconf 84' lang='lat' dir='ltr'><strong>ipsum</strong></span> <span class='ocrx_word' id='word_1_327' title='bbox 549 3660 705 3723; x_wconf 90' lang='lat' dir='ltr'><strong>oratorem</strong></span> <span class='ocrx_word' id='word_1_328' title='bbox 728 3658 954 3724; x_wconf 90' lang='lat' dir='ltr'><strong>Paeaniensem</strong></span> <span class='ocrx_word' id='word_1_329' title='bbox 978 3659 1036 3724; x_wconf 89' lang='lat' dir='ltr'><strong>tali</strong></span> <span class='ocrx_word' id='word_1_330' title='bbox 1060 3659 1151 3724; x_wconf 91' lang='lat' dir='ltr'><strong>modo</strong></span> <span class='ocrx_word' id='word_1_331' title='bbox 1176 3661 1285 3724; x_wconf 91' lang='lat' dir='ltr'><strong>contra</strong></span> <span class='ocrx_word' id='word_1_332' title='bbox 1309 3660 1409 3724; x_wconf 86' lang='lat' dir='ltr'><strong>artem</strong></span> <span class='ocrx_word' id='word_1_333' title='bbox 1431 3659 1519 3741; x_wconf 92' lang='lat' dir='ltr'><strong>logi-</strong></span> 
     </span>
     <span class='ocr_line' id='line_1_38' title="bbox 282 3747 1519 3829; baseline 0.001 -18"><span class='ocrx_word' id='word_1_334' title='bbox 282 3766 352 3811; x_wconf 91' lang='lat' dir='ltr'><strong>cam</strong></span> <span class='ocrx_word' id='word_1_335' title='bbox 374 3752 544 3828; x_wconf 81' lang='lat' dir='ltr'><strong>peccasse?</strong></span> <span class='ocrx_word' id='word_1_336' title='bbox 590 3747 697 3812; x_wconf 88' lang='lat' dir='ltr'><strong>Aliam</strong></span> <span class='ocrx_word' id='word_1_337' title='bbox 721 3767 842 3829; x_wconf 88' lang='lat' dir='ltr'><strong>quoque</strong></span> <span class='ocrx_word' id='word_1_338' title='bbox 868 3748 1086 3813; x_wconf 89' lang='lat' dir='ltr'><strong>difficultatem</strong></span> <span class='ocrx_word' id='word_1_339' title='bbox 1105 3749 1157 3814; x_wconf 92' lang='lat' dir='ltr'><strong>hic</strong></span> <span class='ocrx_word' id='word_1_340' title='bbox 1173 3750 1261 3814; x_wconf 88' lang='lat' dir='ltr'><strong>locus</strong></span> <span class='ocrx_word' id='word_1_341' title='bbox 1279 3749 1384 3816; x_wconf 89' lang='lat' dir='ltr'><strong>habet.</strong></span> <span class='ocrx_word' id='word_1_342' title='bbox 1432 3748 1519 3812; x_wconf 87' lang='lat' dir='ltr'><strong>Nam</strong></span> 
     </span>
     <span class='ocr_line' id='line_1_39' title="bbox 283 3835 1518 3921; baseline 0.003 -21"><span class='ocrx_word' id='word_1_343' title='bbox 283 3835 357 3916; x_wconf 92' lang='lat' dir='ltr'><strong>quid</strong></span> <span class='ocrx_word' id='word_1_344' title='bbox 390 3836 451 3902; x_wconf 88' lang='lat' dir='ltr'><strong>sibi</strong></span> <span class='ocrx_word' id='word_1_345' title='bbox 484 3836 562 3900; x_wconf 89' lang='lat' dir='ltr'><strong>velit</strong></span> <span class='ocrx_word' id='word_1_346' title='bbox 593 3836 676 3918; x_wconf 89' lang='lat' dir='ltr'><strong>quod</strong></span> <span class='ocrx_word' id='word_1_347' title='bbox 704 3837 836 3902; x_wconf 88' lang='lat' dir='ltr'><strong>dicitur:</strong></span> <span class='ocrx_word' id='word_1_348' title='bbox 870 3857 923 3916; x_wconf 91' lang='lat' dir='ltr'><strong>ec,</strong></span> <span class='ocrx_word' id='word_1_349' title='bbox 955 3837 1037 3920; x_wconf 91' lang='lat' dir='ltr'><strong>quod</strong></span> <span class='ocrx_word' id='word_1_350' title='bbox 1061 3837 1111 3903; x_wconf 93' lang='lat' dir='ltr'><strong>his</strong></span> <span class='ocrx_word' id='word_1_351' title='bbox 1136 3838 1213 3903; x_wconf 90' lang='lat' dir='ltr'><strong>viris</strong></span> <span class='ocrx_word' id='word_1_352' title='bbox 1238 3857 1292 3903; x_wconf 90' lang='lat' dir='ltr'><strong>vos</strong></span> <span class='ocrx_word' id='word_1_353' title='bbox 1316 3838 1400 3904; x_wconf 85' lang='lat' dir='ltr'><strong>cives</strong></span> <span class='ocrx_word' id='word_1_354' title='bbox 1423 3837 1518 3921; x_wconf 90' lang='lat' dir='ltr'><strong>igno-</strong></span> 
     </span>
     <span class='ocr_line' id='line_1_40' title="bbox 282 3924 1517 4011; baseline 0.004 -23"><span class='ocrx_word' id='word_1_355' title='bbox 282 3924 392 4001; x_wconf 87' lang='lat' dir='ltr'><strong>vistis,</strong></span> <span class='ocrx_word' id='word_1_356' title='bbox 423 3945 485 3990; x_wconf 91' lang='lat' dir='ltr'><strong>uon</strong></span> <span class='ocrx_word' id='word_1_357' title='bbox 517 3925 609 3991; x_wconf 92' lang='lat' dir='ltr'><strong>modo</strong></span> <span class='ocrx_word' id='word_1_358' title='bbox 642 3946 703 3991; x_wconf 94' lang='lat' dir='ltr'><strong>non</strong></span> <span class='ocrx_word' id='word_1_359' title='bbox 734 3927 821 4010; x_wconf 88' lang='lat' dir='ltr'><strong>leges</strong></span> <span class='ocrx_word' id='word_1_360' title='bbox 847 3927 1041 4006; x_wconf 87' lang='lat' dir='ltr'><strong>sustulistis,</strong></span> <span class='ocrx_word' id='word_1_361' title='bbox 1074 3930 1237 3993; x_wconf 86' lang='lat' dir='ltr'><strong>rerumet</strong></span> <span class='ocrx_word' id='word_1_362' title='bbox 1205 3927 1301 3993; x_wconf 90' lang='lat' dir='ltr'><strong>etiam</strong></span> <span class='ocrx_word' id='word_1_363' title='bbox 1326 3964 1368 3973; x_wconf 94' lang='lat'><strong>-—</strong></span> <span class='ocrx_word' id='word_1_364' title='bbox 1393 3927 1517 4011; x_wconf 86' lang='lat' dir='ltr'><strong>graccis</strong></span> 
     </span>
     <span class='ocr_line' id='line_1_41' title="bbox 281 4014 1518 4103; baseline 0.006 -26"><span class='ocrx_word' id='word_1_365' title='bbox 281 4014 384 4078; x_wconf 87' lang='lat' dir='ltr'><strong>verbis</strong></span> <span class='ocrx_word' id='word_1_366' title='bbox 409 4015 458 4079; x_wconf 88' lang='lat' dir='ltr'><strong>uti</strong></span> <span class='ocrx_word' id='word_1_367' title='bbox 481 4015 635 4080; x_wconf 84' lang='lat' dir='ltr'><strong>liceat—</strong></span> <span class='ocrx_word' id='word_1_368' title='bbox 593 4017 725 4092; x_wconf 83' lang='grc' dir='ltr'><strong><em>-υοὺς</em></strong></span> <span class='ocrx_word' id='word_1_369' title='bbox 747 4021 839 4100; x_wconf 75' lang='grc' dir='ltr'><strong><em>βίους</em></strong></span> <span class='ocrx_word' id='word_1_370' title='bbox 862 4015 998 4103; x_wconf 77' lang='grc' dir='ltr'><strong><em>ἐσῴζετε</em></strong></span> <span class='ocrx_word' id='word_1_371' title='bbox 1022 4027 1090 4084; x_wconf 80' lang='grc' dir='ltr'><strong>τῶν</strong></span> <span class='ocrx_word' id='word_1_372' title='bbox 1114 4018 1191 4094; x_wconf 85' lang='grc' dir='ltr'><strong><em>τοὺς</em></strong></span> <span class='ocrx_word' id='word_1_373' title='bbox 1214 4021 1337 4098; x_wconf 78' lang='grc' dir='ltr'><strong><em>νόμους</em></strong></span> <span class='ocrx_word' id='word_1_374' title='bbox 1359 4022 1518 4100; x_wconf 84' lang='grc' dir='ltr'><strong><em>θεμένων</em></strong></span> 
     </span>
     <span class='ocr_line' id='line_1_42' title="bbox 281 4101 1517 4190; baseline 0.003 -22"><span class='ocrx_word' id='word_1_375' title='bbox 281 4101 476 4190; x_wconf 78' lang='grc' dir='ltr'><strong><em>ἀνθρώπων</em></strong></span> <span class='ocrx_word' id='word_1_376' title='bbox 500 4103 560 4190; x_wconf 89' lang='lat' dir='ltr'><strong>(ep.</strong></span> <span class='ocrx_word' id='word_1_377' title='bbox 577 4105 626 4168; x_wconf 91' lang='grc' dir='ltr'><strong>ΠΙ</strong></span> <span class='ocrx_word' id='word_1_378' title='bbox 628 4101 718 4188; x_wconf 88' lang='grc'><em>,26)</em></span> <span class='ocrx_word' id='word_1_379' title='bbox 742 4125 833 4171; x_wconf 93' lang='lat' dir='ltr'><strong>uemc</strong></span> <span class='ocrx_word' id='word_1_380' title='bbox 858 4106 959 4171; x_wconf 91' lang='lat' dir='ltr'><strong>adhuc</strong></span> <span class='ocrx_word' id='word_1_381' title='bbox 982 4107 1149 4175; x_wconf 85' lang='lat' dir='ltr'><strong>intellexit.</strong></span> <span class='ocrx_word' id='word_1_382' title='bbox 1198 4106 1255 4172; x_wconf 82' lang='lat' dir='ltr'><strong>Cet</strong></span> <span class='ocrx_word' id='word_1_383' title='bbox 1241 4109 1344 4171; x_wconf 89' lang='lat' dir='ltr'><strong>terum</strong></span> <span class='ocrx_word' id='word_1_384' title='bbox 1362 4126 1400 4172; x_wconf 91' lang='lat' dir='ltr'><strong>ue</strong></span> <span class='ocrx_word' id='word_1_385' title='bbox 1420 4106 1517 4172; x_wconf 89' lang='lat' dir='ltr'><strong>huius</strong></span> 
     </span>
     <span class='ocr_line' id='line_1_43' title="bbox 281 4192 1517 4278; baseline 0.005 -22"><span class='ocrx_word' id='word_1_386' title='bbox 281 4192 407 4274; x_wconf 89' lang='lat' dir='ltr'><strong>quidem</strong></span> <span class='ocrx_word' id='word_1_387' title='bbox 429 4196 500 4275; x_wconf 91' lang='lat' dir='ltr'><strong>part</strong></span> <span class='ocrx_word' id='word_1_388' title='bbox 502 4194 529 4258; x_wconf 92' lang='lat' dir='ltr'><strong>is</strong></span> <span class='ocrx_word' id='word_1_389' title='bbox 488 4194 642 4272; x_wconf 89' lang='lat' dir='ltr'><strong>tfmis,</strong></span> <span class='ocrx_word' id='word_1_390' title='bbox 673 4193 706 4258; x_wconf 89' lang='lat' dir='ltr'><strong>id</strong></span> <span class='ocrx_word' id='word_1_391' title='bbox 731 4195 813 4277; x_wconf 92' lang='lat' dir='ltr'><strong>quod</strong></span> <span class='ocrx_word' id='word_1_392' title='bbox 838 4196 963 4278; x_wconf 88' lang='lat' dir='ltr'><strong>saepius</strong></span> <span class='ocrx_word' id='word_1_393' title='bbox 988 4196 1105 4261; x_wconf 87' lang='lat' dir='ltr'><strong>factum</strong></span> <span class='ocrx_word' id='word_1_394' title='bbox 1130 4215 1198 4261; x_wconf 92' lang='lat' dir='ltr'><strong>esse</strong></span> <span class='ocrx_word' id='word_1_395' title='bbox 1223 4196 1383 4275; x_wconf 87' lang='lat' dir='ltr'><strong>ridemus,</strong></span> <span class='ocrx_word' id='word_1_396' title='bbox 1409 4196 1517 4262; x_wconf 87' lang='lat' dir='ltr'><strong>verbis</strong></span> 
     </span>
     <span class='ocr_line' id='line_1_44' title="bbox 279 4281 1518 4367; baseline 0.005 -23"><span class='ocrx_word' id='word_1_397' title='bbox 279 4281 433 4346; x_wconf 84' lang='lat' dir='ltr'><strong>rhetorice</strong></span> <span class='ocrx_word' id='word_1_398' title='bbox 458 4285 576 4348; x_wconf 82' lang='lat' dir='ltr'><strong>ornatis</strong></span> <span class='ocrx_word' id='word_1_399' title='bbox 601 4285 702 4356; x_wconf 83' lang='lat' dir='ltr'><strong>caret:</strong></span> <span class='ocrx_word' id='word_1_400' title='bbox 728 4286 811 4361; x_wconf 81' lang='grc' dir='ltr'><em>ὅλως</em></span> <span class='ocrx_word' id='word_1_401' title='bbox 834 4285 868 4350; x_wconf 76' lang='grc' dir='ltr'><strong>δὲ</strong></span> <span class='ocrx_word' id='word_1_402' title='bbox 891 4290 1003 4352; x_wconf 88' lang='grc' dir='ltr'><strong><em>κοινόν</em></strong></span> <span class='ocrx_word' id='word_1_403' title='bbox 1027 4285 1117 4352; x_wconf 78' lang='grc' dir='ltr'><strong><em>ἐστιν</em></strong></span> <span class='ocrx_word' id='word_1_404' title='bbox 1141 4285 1305 4362; x_wconf 66' lang='grc' dir='ltr'><strong>ὅνειόοςί</strong></span> <span class='ocrx_word' id='word_1_405' title='bbox 1289 4289 1461 4367; x_wconf 73' lang='lat' dir='ltr'><strong>auderico,</strong></span> <span class='ocrx_word' id='word_1_406' title='bbox 1489 4281 1518 4350; x_wconf 84' lang='grc' dir='ltr'><em>ὦ</em></span> 
     </span>
     <span class='ocr_line' id='line_1_45' title="bbox 280 4370 1517 4462; baseline 0.004 -27"><span class='ocrx_word' id='word_1_407' title='bbox 280 4370 396 4459; x_wconf 77' lang='grc' dir='ltr'><strong><em>ἄνδρες</em></strong></span> <span class='ocrx_word' id='word_1_408' title='bbox 419 4370 608 4460; x_wconf 73' lang='grc' dir='ltr'><strong><em>Αθηναῖοι,</em></strong></span> <span class='ocrx_word' id='word_1_409' title='bbox 633 4375 688 4437; x_wconf 79' lang='grc' dir='ltr'><strong>καὶ</strong></span> <span class='ocrx_word' id='word_1_410' title='bbox 711 4375 787 4461; x_wconf 71' lang='grc' dir='ltr'><strong>ὅλης</strong></span> <span class='ocrx_word' id='word_1_411' title='bbox 771 4399 867 4461; x_wconf 74' lang='grc' dir='ltr'><strong>της</strong></span> <span class='ocrx_word' id='word_1_412' title='bbox 891 4375 1019 4452; x_wconf 78' lang='grc' dir='ltr'><strong><em>πόλεως</em></strong></span> <span class='ocrx_word' id='word_1_413' title='bbox 1043 4377 1198 4462; x_wconf 64' lang='grc' dir='ltr'><strong><em>συμφορὰ</em></strong></span> <span class='ocrx_word' id='word_1_414' title='bbox 1223 4377 1281 4442; x_wconf 78' lang='grc' dir='ltr'><strong>τὸν</strong></span> <span class='ocrx_word' id='word_1_415' title='bbox 1304 4379 1439 4462; x_wconf 83' lang='grc' dir='ltr'><strong><em>φθόνον</em></strong></span> <span class='ocrx_word' id='word_1_416' title='bbox 1457 4375 1517 4441; x_wconf 84' lang='lat' dir='ltr'><strong>do</strong></span> 
     </span>
    </p>
   </div>
   <div class='ocr_carea' id='block_1_3' title="bbox 0 0 1648 5064">
    <p class='ocr_par' dir='ltr' id='par_1_4' title="bbox 0 0 1648 5064">
     <span class='ocr_line' id='line_1_46' title="bbox 0 0 1648 5064; baseline 0 0"><span class='ocrx_word' id='word_1_417' title='bbox 0 0 1648 5064; x_wconf 95' lang='lat' dir='ltr'><strong> </strong></span> 
     </span>
    </p>
   </div>
  </div>
 </body>
</html>
