3288 5070
799 343 959 446 Α

372 539 459 604 Inter
482 540 707 624 grammatioos
731 541 938 623 Harpocratio
952 540 976 626 1)
1004 541 1068 606 tres
1093 558 1184 606 rooes
1209 538 1246 603 de
1271 535 1407 603 seeundo
1430 537 1494 601 ter-

265 628 372 712 tiaque
404 629 557 712 epistula,
590 649 666 713 quas
698 630 808 696 eodem
838 631 929 696 modo
962 650 1021 714 quo
1053 649 1109 695 nos
1140 629 1159 716 ἡ
1192 630 1268 715 περὶ
1295 637 1352 714 τῆς
1375 625 1495 692 ἑαυτοῦ

265 719 414 784 καθόδου
445 717 601 808 ἐπιστολή
633 722 665 786 et
696 721 714 808 ἡ
746 723 823 807 περὶ
854 729 921 786 τῶν
952 723 1153 805 Λυκούργου
1177 719 1307 782 παίδων
1338 716 1494 804 ἐπιστολῇ

267 807 426 886 nominat,
458 809 660 893 depromptas
692 811 840 885 annotat3
879 829 1009 892 quarum
1046 828 1156 874 vooum
1188 827 1250 872 una
1282 808 1331 871 est
1357 825 1388 888 p.
1422 805 1495 883 85,5

268 897 475 984 ἐρανίζοντες
498 898 555 984 (z
580 919 627 982 ep.
652 901 707 977 ΙΙΙ,
732 897 798 983 38),
824 901 923 964 altera
954 919 985 982 p.
1012 899 1129 977 105,19
1154 898 1342 983 Καλαύρεια
1367 897 1422 976 (z
1446 913 1495 976 ep.

268 989 308 1066 ll,
334 989 398 1065 20),
422 988 517 1052 tertia
541 1009 570 1071 p.
600 991 715 1067 181,18
738 994 834 1076 φθοη
859 995 913 1067 (z
939 1007 986 1071 ep.
1002 989 1057 1066 lll,
1082 989 1155 1065 30);
1180 985 1261 1050 nulli
1278 987 1384 1049 autem
1400 983 1498 1049 adioit

267 1075 333 1140 ilud
359 1076 409 1158 „ed
431 1079 594 1165 portamp‘,
620 1078 702 1160 quod
727 1097 850 1160 semper
874 1079 995 1144 adicere
1020 1077 1111 1157 solet,
1135 1077 1163 1141 si
1184 1094 1276 1159 quem
1292 1075 1373 1140 forte
1392 1074 1497 1138 locum

270 1185 331 1231 non
356 1167 528 1249 genuinum
553 1187 622 1232 esse
646 1168 816 1236 existimet.

374 1255 525 1343 Pollux2)
558 1277 665 1322 rocem
697 1277 775 1341 quae
808 1259 857 1322 est
892 1257 1195 1344 σίσχρορρημοσύνη
1232 1273 1249 1319 a
1284 1252 1497 1318 Demosthene

269 1344 441 1410 adhibitam
475 1365 544 1410 esse
575 1347 690 1425 tradit,
724 1366 802 1429 quae
834 1367 891 1411 vox
922 1367 984 1412 uon
1015 1345 1169 1428 reperitur
1200 1343 1263 1408 nisi
1291 1362 1337 1424 ep.
1367 1343 1419 1421 IV,
1446 1343 1496 1408 11.

268 1434 360 1516 Apud
385 1435 518 1500 eundem
543 1437 627 1516 Vlll,
652 1439 694 1502 69
718 1437 796 1500 haeo
828 1438 921 1501 verba
955 1436 1073 1518 scripta
1097 1437 1186 1498 aunt:
1219 1436 1442 1520 Δημοσθένης
1464 1431 1499 1494 dt

269 1523 468 1612 ἀνέγκλητον
491 1527 545 1590 καὶ
569 1525 773 1614 ἀνεγκλήτως
781 1551 790 1606 ,·
814 1525 996 1590 adverbium
1021 1527 1126 1590 autem
1148 1523 1180 1587 in
1198 1521 1498 1604 pseudodemosthe-

269 1614 340 1678 nioa
364 1614 504 1679 oratione
529 1615 664 1697 septima
690 1615 898 1696 decimator,
930 1615 948 1698 ξ
974 1616 1003 1694 2,
1029 1615 1080 1694 22,
1105 1615 1157 1692 30,
1187 1611 1375 1676 adieetivum
1401 1609 1500 1674 semol

272 1722 319 1785 op.
345 1703 385 1782 ΙΙ,
412 1705 453 1768 14
476 1705 644 1773 invenitur.

377 1793 471 1875 Apud
494 1793 703 1872 Moeridem3)
735 1793 920 1859 Attioistam
951 1793 1028 1858 haee
1052 1793 1258 1858 annotantur:
1290 1792 1414 1876 φθόην,
1440 1790 1501 1874 τὴν

271 1888 402 1970 φθίσιν,
427 1881 589 1965 Ἀττικῶς,
616 1903 715 1966 neque
739 1903 811 1948 vero
837 1883 979 1948 additum
1005 1885 1063 1959 ost,
1087 1883 1142 1946 ubi
1159 1880 1275 1946 Moeris
1296 1879 1377 1942 hano
1393 1895 1500 1942 vocem

269 1973 434 2040 invenerit.
481 1973 611 2056 Legitur
643 1973 727 2038 enim
758 1975 795 2038 ut
831 1973 864 2037 in
899 1973 995 2038 tertia
1027 1971 1163 2054 epistula
1195 1970 1224 2052 (ὅ
1250 1967 1306 2055 30)
1337 1967 1384 2031 ita
1419 1965 1501 2048 apud

270 2061 436 2127 Platonem
461 2063 493 2126 et
516 2063 697 2128 Isocratem.

378 2151 453 2215 Veri
492 2151 597 2217 simile
629 2153 678 2218 est
710 2153 805 2217 etiam
837 2171 873 2216 ea
905 2171 983 2234 quae
1014 2151 1047 2214 in
1078 2147 1230 2232 Hesyohii
1260 2142 1398 2229 lexioot)
1429 2161 1500 2227 pag.

275 2241 390 2319 175,31
415 2241 599 2306 traduntur:
625 2241 714 2326 ἀξία·
740 2246 825 2329 τιμῇ,
850 2247 1009 2328 καθῆκον,
1035 2240 1161 2324 ἀξίωμα
1191 2237 1230 2302 ad
1252 2255 1299 2318 ep.
1324 2236 1379 2314 ΙΙΙ,
1407 2235 1446 2298 12
1471 2235 1503 2297 et

271 2349 341 2413 pag.
367 2331 483 2409 1521,3
509 2335 601 2419 poop
627 2332 664 2395 ad
691 2351 738 2414 ep.
762 2333 818 2409 ΙΙΙ,
843 2333 885 2396 30
908 2330 1069 2395 referenda
1094 2347 1172 2395 esse.

378 2420 416 2483 ln
439 2421 573 2486 Bekkeri
598 2421 760 2486 anecdotis
786 2421 823 2484 ab
848 2420 1069 2486 Antiattioista
1103 2417 1156 2501 qui
1188 2415 1303 2480 dieitur
1327 2413 1447 2495 primae
1472 2413 1504 2476 et

271 2508 384 2581 tertiae
409 2511 574 2592 epistulae,
601 2530 731 2592 quarum
757 2511 859 2592 prima
882 2511 974 2574 verba
1000 2509 1040 2573 ad
1068 2508 1155 2590 ipsas
1180 2503 1403 2588 signifioandas
1428 2502 1503 2567 affe-

271 2601 392 2676 runtur,
416 2599 509 2664 binae
534 2619 625 2664 voees
649 2600 828 2668 laudantur.
876 2598 957 2664 Sunt
981 2600 1086 2662 autom
1109 2597 1186 2674 hae,
1214 2594 1276 2660 vol.
1302 2593 1325 2670 Ι,
1349 2611 1379 2674 p.
1407 2593 1502 2670 77,16

273 2689 364 2772 ἀξία·
383 2688 458 2755 ἀντὶ
474 2697 533 2754 τοῦ
550 2689 693 2772 ἀξίωμα·
712 2693 934 2776 Δημοσθένης
951 2687 987 2754 ἐν
1010 2694 1049 2776 τῇ
1066 2685 1233 2772 ἐπιστολῇ,
1252 2679 1289 2770 ἧς
1312 2681 1409 2768 ἀρχῇ·
1429 2682 1504 2767 περὶ

272 2779 334 2862 μὲν
358 2787 425 2843 τῶν
448 2773 517 2842 κατ’
544 2777 689 2862 ἐμαυτόν
720 2776 771 2862 (of.
798 2797 845 2860 ep.
869 2779 925 2856 Ill,
952 2774 1016 2862 12),
1046 2796 1076 2859 p.
1106 2775 1180 2852 94,3
1213 2772 1387 2858 ἐργολάβος
1397 2789 1402 2801 ’
1435 2775 1504 2857 Λη-

272 2872 442 2954 μοσθένης
464 2866 631 2956 ἐπιστολῇ,
657 2864 695 2956 ἧς
717 2869 736 2956 ἡ
760 2867 858 2956 ἀρχῇ·
892 2869 968 2955 περὶ
998 2867 1060 2947 μέν
1091 2874 1159 2931 τῶν
1189 2859 1257 2928 κατ’
1285 2860 1429 2944 ἐμαυτόν
1453 2859 1503 2940 (of.

274 2977 321 3039 ep.
346 2957 402 3036 ΙΙΙ,
428 2959 480 3035 34,
512 2959 566 3022 ubi
597 2961 705 3022 tamen
736 2977 798 3022 non
830 2957 1020 3022 adieetivum
1051 2955 1148 3033 illud,
1178 2952 1233 3018 sed
1258 2949 1387 3014 verbum
1413 2948 1504 3035 ἐργο-

275 3047 387 3130 λαβεῖν
417 3045 557 3133 legitur)‚
590 3068 620 3130 p.
653 3048 747 3125 110,3
779 3046 904 3130 ὁμιλία·
946 3044 1148 3128 Θουκυδίδης
1178 3041 1276 3126 ἐκτφ·
1306 3040 1360 3103 καί
1390 3039 1507 3124 λόγους

275 3135 422 3222 ὡμίλησα
439 3141 628 3222 τρέπουσιν,
648 3137 722 3202 ἀντὶ
737 3144 797 3200 τοῦ
814 3139 1046 3222 συνεγενόμην.
1094 3135 1316 3225 Δημοσθένης
1332 3127 1503 3215 ἐπιστολῇ·

275 3227 330 3290 καὶ
352 3230 461 3312 κρῖναί
484 3250 558 3291 τινα
589 3227 651 3309 μὲν
683 3228 860 3311 πράγματα
892 3224 927 3308 ἐξ
958 3224 1085 3308 ὁμιλίας
1108 3222 1247 3287 δύναται
1269 3220 1323 3282 καὶ
1346 3226 1409 3284 νῦν
1432 3216 1506 3282 ἀντὶ

274 3323 334 3379 τοῦ
358 3313 393 3380 ἐκ
416 3323 475 3378 τοῦ
500 3327 658 3380 συνεῖναι.
707 3316 852 3380 Πλάτων
876 3316 1044 3389 πολιτείας
1067 3315 1211 3397 τετάρτῳ
1242 3307 1291 3385 (ef.
1319 3326 1366 3390 ep.
1391 3307 1415 3385 I,
1441 3306 1505 3389 12),

275 3423 305 3485 p.
344 3405 459 3481 111,31
497 3409 750 3490 πικραίνεσθαι·
787 3408 1009 3491 Δημοσθένης
1043 3401 1201 3486 ἐπιστολῇ
1237 3396 1289 3482 (cf.
1326 3416 1374 3498 ep.
1406 3397 1430 3474 I,
1463 3397 1504 3498 6).

275 3494 442 3558 Praeterea
457 3493 490 3557 in
506 3494 641 3558 Bekkeri
665 3493 807 3562 anecdot.
834 3494 894 3561 vol.
919 3494 942 3572 l,
966 3512 997 3575 p.
1015 3491 1134 3570 369,11
1159 3489 1192 3552 in
1208 3488 1300 3566 libro,
1326 3505 1376 3550 our
1393 3486 1507 3550 inson-

276 3582 361 3647 bitur
396 3585 569 3669 συναγωγῇ
604 3584 725 3666 λέξειαν
760 3588 928 3670 χρησίμων
962 3581 997 3648 ἐκ
1028 3581 1198 3667 διαφέρων
1233 3585 1350 3663 σοφῶν
1385 3599 1420 3640 τε
1454 3575 1508 3638 καὶ
1638 3583 1639 3590 ’

277 3673 425 3758 ῥητόρων
449 3673 593 3754 πολλῶν,
613 3672 678 3737 'boo
703 3673 887 3740 vocabulum
913 3671 1086 3755 profertur:
1116 3668 1261 3733 ἀκονῶν·
1287 3669 1509 3752 Δημοσθένης

277 3760 313 3827 ἐν
337 3759 512 3848 ἐπιστολῇ·
538 3760 668 3828 ἀκονῶν
691 3764 752 3849 τὴν
776 3763 885 3827 πόλιν.

385 3849 538 3915 Stobaeus
549 3849 573 3928 5)
598 3850 676 3916 loeis
702 3851 754 3932 qui
779 3853 856 3937 περὶ
876 3856 1028 3926 πένθους
1044 3849 1142 3932 agunt
1157 3846 1240 3910 buno
1256 3844 1370 3908 tertiae
1388 3843 1508 3925 epistu-

278 3977 491 3986 .-—-———

387 4047 409 4109 1)
433 4045 472 4100 Ex
491 4061 544 4099 reo.
562 4045 686 4114 Bebkeri,
706 4045 825 4100 Berolini
846 4049 922 4100 1833.

385 4133 411 4203 2)
430 4135 463 4190 In
482 4136 638 4190 onomastio.
658 4152 689 4189 ex
707 4151 759 4189 reo.
778 4135 893 4189 Bekkeri
910 4134 947 4202 Π,
969 4136 1027 4187 129,

385 4222 411 4292 9)
430 4225 463 4277 In
481 4224 530 4278 lex.
551 4225 626 4278 attio.
647 4224 687 4278 od.
707 4224 836 4289 Pierson,
855 4223 940 4292 Lugd.
960 4221 1023 4278 Bat.
1044 4223 1120 4290 1759,
1139 4238 1165 4290 p.
1186 4222 1247 4273 399.

385 4317 410 4378 4)
432 4314 494 4368 Rea.
514 4314 550 4369 M.
572 4313 744 4382 Schmidtius,
764 4313 847 4368 Jenae
869 4316 945 4368 1867.

387 4399 413 4471 5)
432 4403 465 4457 ln
483 4403 560 4458 floril.
581 4404 621 4459 ed.
641 4403 756 4457 Meinek.
777 4406 842 4458 tom.
861 4403 907 4472 IV,
927 4419 953 4473 p.
975 4404 1034 4456 124.
