3288 5070
711 352 752 422 31

651 448 812 455 ..—

116 555 256 644 amicitia
280 555 480 620 coniunctam
505 574 538 620 se
563 553 754 629 contulisse;
787 572 857 618 cum
889 554 995 618 autem
1026 553 1192 618 Troezenis
1224 551 1345 618 incolae

116 645 241 728 qnidam
274 645 335 710 sibi
368 643 543 710 blandituri
578 643 817 710 maledixissent
850 642 1115 722 Atheniensibus,
1152 644 1235 708 cives
1272 661 1346 708 asc

116 735 258 800 defensos
290 753 368 800 esse.
415 733 492 799 lnde
517 733 695 799 Calauriam
719 751 752 796 se
776 731 888 811 ivisse,
921 732 975 796 ubi
1005 732 1038 796 in
1062 731 1203 815 Neptuni
1227 731 1346 815 templo

116 823 291 888 consederit
314 843 376 890 non
399 826 467 888 tam
487 822 667 888 securitatis
684 841 778 886 causa
794 841 888 904 quam
902 821 975 903 qnia
987 821 1060 886 inde
1073 841 1196 904 semper
1211 823 1347 904 patriam

116 913 219 978 videre
244 915 392 996 potuerit.
440 912 498 1087 (ἰαί
529 931 600 977 uero
628 911 706 976 haee
729 911 849 994 legenti
873 929 935 976 non
958 911 1089 976 Homeri
1112 911 1189 976 haec
1213 910 1347 976 dicentis

116 1003 239 1086 (Odyss.
264 1003 289 1082 l,
313 1003 354 1068 57
381 1021 444 1085 seq.
472 1025 479 1067 ι

825 1084 929 1176 αὐτὰρ
949 1084 1134 1166 Ὀδυσσεύς

344 1181 471 1264 ἱέμενος
492 1183 546 1246 καὶ
569 1181 702 1246 καπνὸν
725 1179 993 1266 ἀποθρῴσκοντα
1017 1189 1135 1266 νοῆσαι

344 1267 381 1356 ἧς
403 1275 496 1358 γαίης
518 1274 657 1336 θανέειν
681 1269 838 1356 ἱμείρεται

115 1361 146 1424 in
172 1361 311 1424 mentem
334 1361 443 1424 venit?
490 1361 596 1425 Etiam
619 1359 696 1424 haec
720 1358 950 1424 Demosthenes
975 1357 1079 1428 addit:
1105 1357 1133 1421 si
1155 1358 1189 1424 in
1211 1357 1348 1440 patriam

115 1449 216 1516 redire
241 1450 303 1514 sibi
319 1469 381 1513 non
397 1449 502 1528 liceat,
518 1449 632 1514 melius
650 1448 711 1513 sibi
727 1448 826 1512 fuisse
843 1448 1033 1530 supplicium
1051 1448 1155 1512 subire
1172 1445 1349 1534 (τεθνάναι

15 1589 16 1592 ¹
114 1564 153 1622 με
177 1551 327 1626 κρεῖττον
350 1534 400 1626 ἦν,
427 1536 530 1624 ξ21).
576 1540 618 1604 st
641 1538 674 1602 hi
697 1537 850 1602 fortassse
875 1539 949 1602 sunt
971 1537 1044 1616 loci,
1069 1538 1122 1618 qni
1139 1537 1179 1604 H.
1196 1537 1349 1602 Wolfium

115 1629 360 1706 commoverunt,
384 1629 420 1692 ut
442 1629 464 1696 l.
489 1628 510 1696 l.
535 1628 568 1692 in
592 1629 776 1710 argumento
793 1627 1001 1709 epistularum
1016 1629 1078 1708 ipsi
1094 1626 1349 1708 interpretationi

114 1717 288 1800 praemisso
313 1718 518 1784 exclamaret:
545 1716 644 1797 „Sunt
668 1719 773 1782 autem
798 1714 977 1802 (epistulae)
993 1718 1216 1798 -tamquam
1232 1735 1350 1800 cygnea

117 1807 269 1889 quaedam
294 1807 398 1874 cantio
423 1807 530 1888 itaque
554 1825 684 1886 suaves,
708 1808 744 1870 ut
768 1806 925 1870 neminem
957 1809 1023 1870 tam
1046 1805 1253 1870 inhumanum
1280 1825 1349 1871 esse

114 1899 241 1980 putem,
273 1915 365 1979 quem
396 1915 459 1962 non
495 1917 566 1962 cunr
602 1896 875 1962 commiseratione
911 1895 1046 1978 quadam
1081 1895 1250 1964 delectent.
1297 1897 1349 1960 Me

116 1986 244 2069 quidem
268 1988 315 2052 sio
337 1985 499 2052 nonnullis
523 1987 556 2050 in
580 1985 658 2051 locis
684 1985 834 2063 afficiunt,
858 1985 1014 2050 humanae
1038 1985 1231 2050 condicionis
1251 1985 1349 2050 mise-

114 2077 178 2141 rias
203 2078 235 2141 et
258 2075 492 2158 ingratissimos
517 2076 637 2141 animos
662 2075 786 2140 belluae
809 2075 898 2140 illius
923 2073 1096 2140 multorum
1117 2075 1257 2158 capitum
1274 2093 1350 2158 erga

115 2165 409 2248 praestantissimos
435 2183 573 2247 quosque
606 2165 689 2230 viros
722 2168 754 2230 et
777 2165 896 2246 optime
921 2165 958 2228 de
981 2165 1084 2246 patria
1107 2165 1239 2230 meritos
1263 2165 1349 2248 cogi-

115 2257 248 2333 tantem,
274 2257 309 2318 ut
333 2255 384 2318 vix
407 2255 528 2336 possim
552 2258 658 2319 tenere
683 2255 893 2338 lachrymas“.
939 2255 1031 2333 Item,
1055 2256 1092 2319 nt
1114 2254 1178 2320 iam
1203 2254 1349 2334 diximus,

117 2344 285 2409 confitetur
309 2345 539 2408 Demosthenes
563 2344 657 2408 licere
681 2343 927 2409 Atheniensibus
959 2343 1022 2425 ipsi
1052 2343 1200 2408 iniuriam
1223 2343 1349 2412 inferre.

116 2433 179 2498 Hic
203 2434 402 2516 cognoscitur
424 2433 452 2498 is
476 2434 724 2512 Demosthenes,
759 2452 850 2515 quem
874 2433 1022 2498 Reiskins
1046 2434 1079 2498 in
1104 2433 1250 2516 epistulis
1276 2453 1349 2498 con-

118 2521 229 2604 spicit,
266 2521 372 2587 dicens
407 2523 501 2592 l.'l.:
538 2523 797 2603 „Demosthenes'
830 2523 933 2588 Briefc
968 2522 1125 2606 bingegen
1155 2523 1258 2588 haben
1289 2524 1350 2588 mir

116 2611 309 2696 uenigstcns
333 2631 368 2678 so
392 2612 476 2679 wohl
500 2613 654 2696 gefallen,
679 2612 770 2692 dass,
803 2613 861 2678 wie
892 2631 981 2696 gross
1015 2613 1095 2678 auch
1126 2614 1217 2680 sonst
1246 2613 1350 2678 meina

115 2701 347 2785 Hoehachtung
371 2720 471 2785 gagen
495 2703 582 2768 seinc
605 2703 713 2768 Reden
738 2702 800 2781 sei,
832 2702 883 2767 ieh
908 2702 1050 2768 dennoch
1075 2701 1125 2768 dic
1149 2701 1253 2768 Briefe
1278 2703 1350 2768 des-

117 2791 243 2870 selben,
275 2791 325 2856 die
358 2791 527 2874 unstreitig
559 2811 619 2856 von
649 2793 717 2856 ihm
749 2791 837 2871 sind,
868 2791 959 2856 nicht
988 2792 1125 2875 weniger
1156 2792 1349 2858 heuundcre.

116 2881 195 2946 Hier
219 2881 340 2962 spricht
363 2881 496 2946 beiuahe
521 2882 571 2944 ein
595 2898 674 2963 ganz
699 2881 829 2946 crederer
846 2879 946 2960 Geist,
971 2881 1021 2945 ein
1041 2882 1257 2965 bussfertiger,
1282 2901 1350 2946 zer-

117 2969 311 3052 sohlagener,
337 2969 435 3034 durch
458 2970 584 3036 Unftlle
609 2969 821 3052 geuitzigter‚
852 2970 904 3034 fiir
934 2969 1021 3034 seine
1044 2971 1187 3035 Freunde
1217 2972 1350 3036 atrtlich

115 3061 289 3142 besorgter,
314 3060 358 3124 im
382 3059 501 3124 Leiden
524 3059 737 3138 standhafter‚
760 3059 794 3124 in
818 3059 872 3124 der
894 3060 1136 3144 Demiithigung
1159 3061 1240 3126 doeh
1264 3061 1351 3126 edlcr

114 3148 180 3214 und
212 3149 381 3232 ergebcner
412 3148 520 3230 Geist,
553 3149 607 3214 der
638 3150 749 3230 weise,
782 3169 815 3214 es
848 3149 950 3214 selbst
980 3150 1051 3216 mit
1071 3150 1179 3215 seinen
1211 3150 1350 3216 Feinden

115 3239 365 3304 wohlmeinende
389 3239 453 3304 und
477 3241 522 3306 sic
546 3239 846 3319 aureehtweisende,
878 3239 981 3304 selbst
1004 3239 1055 3305 die
1078 3241 1189 3320 Hand,
1221 3240 1271 3306 die
1294 3241 1350 3305 ihn

117 3329 259 3411 schla'gt,
290 3329 447 3394 hussende
471 3330 611 3407 Patriot,
645 3329 695 3394 ein
720 3329 851 3408 Weiser,
876 3348 936 3394 von
960 3330 1046 3394 einer
1068 3330 1259 3410 rdhrenden,
1284 3330 1350 3396 oin-

62 3445 65 3449 ·
116 3417 330 3496 nehmenden,
366 3419 616 3500 entziickenden,
652 3420 727 3484 aher
762 3419 962 3484 schuerlich·
980 3419 1040 3484 mit
1073 3420 1202 3486 Worten
1238 3439 1350 3484 auscu-

117 3505 317 3572 dri'ichenden
339 3507 487 3591 Bildung,
511 3509 599 3574 nicht
622 3509 696 3574 aber
727 3508 781 3572 der
804 3509 949 3574 boshafte
973 3508 1160 3589 Chioaneur,
1185 3510 1240 3574 der
1264 3510 1350 3574 scine

116 3596 294 3680 gehtssige,
320 3598 623 3677 wetterwendische,
653 3598 894 3680 aanlrsdchtige,
926 3598 1138 3680 sophistischo
1162 3600 1350 3682 Klaffznnge

116 3689 151 3752 in
175 3686 235 3752 den
258 3685 366 3750 Reden
390 3707 449 3751 nur
472 3687 554 3752 allen
580 3688 626 3753 oft
648 3688 746 3752 hdren
769 3688 880 3753 ltsst.“

225 3776 344 3842 Tamen
367 3777 451 3842 hunc
473 3775 579 3842 locum
596 3779 628 3842 et
642 3778 808 3860 praecipue
824 3796 869 3857 ea,
894 3778 1008 3860 quibus
1029 3779 1068 3844 dc
1085 3778 1231 3844 Calauria
1245 3779 1351 3844 insula-

116 3865 231 3948 agitm,
256 3866 363 3949 panllo
389 3866 564 3932 accuratius
594 3867 837 3935 consideremus.
884 3869 972 3933 Dicit
1003 3869 1087 3934 enim
1117 3869 1349 3934 Demosthenes

117 3975 152 4022 se
186 3957 220 4022 in
254 3955 396 4037 Neptuni
428 3956 504 4022 aede
537 3955 700 4024 Calauriae
732 3957 911 4023 consedisse
947 3977 1010 4024 non
1040 3958 1132 4024 modo
1169 3958 1349 4024 securitatis

116 4065 228 4125 eausa,
260 4065 353 4128 quarn
384 4065 440 4129 per
470 4045 552 4111 huno
591 4047 684 4112 deum
716 4046 777 4112 sibi
807 4047 873 4112 lore
906 4051 1029 4130 speret;
1063 4048 1220 4112 adduntur
1244 4051 1349 4114 autern

116 4135 305 4217 interposita
328 4136 423 4202 haec:
449 4135 501 4214 (οὐ
525 4137 585 4222 γὰρ
610 4131 647 4202 εὖ
670 4132 742 4202 οἶδά
766 4155 817 4222 γε·
843 4141 864 4202 ἃ
887 4139 948 4224 γὰρ
972 4135 1026 4225 ἐφ’
1051 4137 1173 4226 ἑτέραις
1196 4136 1287 4204 ἐστὶν
1306 4137 1351 4215 ὡς

116 4226 160 4290 ἂν
182 4225 367 4308 βούλωνται
398 4231 537 4312 πρᾶξαι,
570 4227 697 4314 λεπτὴν
726 4229 781 4290 καὶ
812 4227 933 4315 ἄδηλον
957 4227 1022 4309 ἐ’χει
1054 4234 1100 4313 τῷ
1122 4229 1351 4294 κινδυνεύοντι

116 4317 178 4401 τὴν
202 4315 407 4402 ἀσφάλειαν),
434 4335 480 4398 ep.
504 4315 546 4391 II,
571 4315 622 4383 20.
671 4315 760 4380 Unde
784 4335 856 4382 vero
873 4317 949 4382 haec
966 4317 1145 4382 dubitatio?
1192 4316 1252 4397 Qui
1266 4318 1349 4382 enim

116 4403 163 4484 fit,
187 4406 223 4469 ut
240 4405 470 4470 Demosthenes
496 4409 647 4486 vereatur,
672 4425 710 4470 no
731 4405 790 4472 hoc
805 4406 912 4472 larium
930 4407 992 4472 sibi
1008 4407 1129 4474 nnllam
1147 4409 1349 4472 securitatem
