3288 5070
387 541 552 607 Eiusmodi
568 541 737 624 epistulam
754 543 963 609 Demostheni
980 543 1110 610 attribui
1121 561 1214 626 posse
1232 561 1321 627 nego.
1356 545 1457 610 Immo
1470 563 1509 610 66

281 631 426 697 Blassius
451 631 577 714 quidem
601 631 640 696 iis
664 632 848 716 refragatur,
873 633 926 716 qui
951 652 1019 699 eam
1044 633 1240 716 suppositam
1264 652 1334 698 esse
1350 633 1509 700 iudicave-

280 723 363 790 runt.
411 722 516 787 Etiam
534 741 552 786 a
576 720 700 786 dicendi
724 740 837 806 genere
852 723 1077 788 Demosthenis
1102 723 1270 805 epistulam
1288 724 1423 788 alienam
1440 743 1509 790 6666

281 829 317 875 ex
352 811 487 894 singulis
520 810 707 892 quibusdam
739 813 831 878 rebus
863 812 956 878 166116
991 812 1199 895 intellegitur.
1258 813 1390 878 Minime
1425 814 1508 878 enim

280 900 525 966 Demosthenica
557 901 606 964 est
637 901 811 966 obsecratio
844 902 989 982 deorum,
1022 919 1100 985 quae
1133 902 1150 984 §
1177 904 1193 966 1
1225 902 1360 985 legitur:
1396 903 1510 987 δέομαι

281 990 319 1078 δή
344 1013 405 1056 σου
429 990 513 1078 πρὸς
536 990 618 1066 Διὸς
639 995 750 1073 ξενίου
773 992 828 1055 καὶ
851 995 991 1057 πάντων
1014 1001 1082 1058 τῶν
1112 996 1213 1074 θεῶν,
1235 992 1422 1074 praesertim
1439 1012 1509 1057 oum

280 1079 356 1144 talis
381 1079 506 1144 6166661
530 1079 621 1144 66666
645 1098 715 1143 curn
740 1081 946 1163 simplicitate
970 1081 1122 1146 materiae
1142 1100 1203 1146 non
1221 1082 1396 1150 conveniat.
1443 1081 1509 1147 Nec

281 1189 352 1235 6666
385 1167 487 1252 magis
522 1169 769 1234 Demostheniea
804 1172 942 1235 extrema
976 1170 1071 1236 uerba
1102 1171 1191 1235 sunt:
1226 1174 1359 1258 γράψας
1389 1171 1425 1236 δέ
1454 1196 1510 1256 μοι

280 1265 421 1345 πέμψον
451 1259 470 1346 ἢ
493 1259 548 1322 καὶ
571 1256 616 1334 ὡς
639 1258 725 1346 φίλῳ
750 1258 929 1342 ἐπίστελλε,
956 1279 1034 1342 6666
1058 1259 1153 1325 66666
1175 1260 1322 1325 Reiskius
1347 1261 1509 1326 commode

279 1350 327 1414 ita
349 1349 592 1430 interpretatur:
625 1348 671 1412 Pu
702 1349 782 1412 mihi
813 1349 957 1432 significa
986 1349 1043 1436 (sc.
1067 1352 1210 1432 tempus,
1243 1350 1280 1413 de
1305 1367 1364 1432 quo
1390 1349 1508 1415 dictum

281 1438 343 1522 cst)
366 1457 422 1521 per
445 1437 571 1502 litteras
596 1438 651 1502 aut
676 1439 786 1518 etiam,
819 1439 846 1504 si
878 1439 978 1503 mauis
1010 1439 1199 1503 familiarius
1230 1441 1266 1504 ut
1289 1458 1361 1504 cum
1383 1439 1509 1504 homine

280 1529 380 1594 arnico
405 1546 513 1612 agere,
546 1526 743 1592 solummodo
768 1547 823 1610 per
853 1528 998 1593 nuntium
1022 1529 1172 1594 mandata
1195 1529 1290 1594 66666
1313 1529 1508 1597 referentem.

279 1617 329 1683 Nc
353 1617 390 1686 G.
415 1617 456 1686 H.
482 1615 628 1682 Schaefer
652 1617 779 1698 quidem
804 1619 979 1684 exclamare
1003 1619 1129 1701 nequit:
1156 1617 1338 1698 „Graecitas
1359 1619 1436 1684 haec
1461 1620 1510 1683 eet

280 1707 463 1790 sophistica,
487 1725 549 1770 non
573 1706 849 1776 Demosthenica.“
894 1707 969 1772 Alia
992 1708 1155 1790 quaedam,
1180 1709 1293 1790 quibus
1314 1708 1509 1786 offendimur,

279 1797 361 1862 infra
383 1797 520 1861 tractare
537 1795 656 1873 licebit,
673 1795 728 1860 uhi
745 1796 783 1861 66
800 1815 943 1863 sermone
960 1797 1166 1879 epistularum
1185 1797 1316 1865 dicetur.
1364 1797 1510 1862 Ceterum

279 1888 442 1952 Dobraeus
467 1886 528 1950 sibi
552 1885 746 1950 Isocrateum
771 1887 926 1969 quendam
951 1887 1086 1953 colorem
1111 1887 1144 1950 16
1167 1887 1226 1952 hac
1251 1887 1387 1969 epistula
1412 1886 1509 1952 videri

279 1976 385 2042 inesse
409 1976 549 2042 annotat.

387 2065 463 2130 Veri
487 2066 593 2130 autem
617 2065 722 2129 simile
748 2083 817 2128 esse
837 2064 1018 2130 Ciceronem
1044 2066 1185 2148 quintam
1207 2066 1377 2148 epistulam
1393 2065 1510 2148 legisse

279 2156 343 2221 iarn
374 2156 655 2220 commemoratum
680 2156 738 2223 666.
786 2153 893 2220 Cicero
926 2156 1009 2220 enim
1041 2175 1112 2220 cum
1142 2155 1390 2220 Demosthenem
1414 2153 1510 2219 fuisse

279 2245 424 2311 Platonis
458 2243 632 2309 auditorem
658 2244 853 2309 demonstret
876 2245 953 2309 haec
976 2245 1095 2327 profert
1119 2251 1147 2323 ):
1186 2245 1413 2324 „Lect'tavisse
1437 2245 1511 2309 Pla·
1629 2247 1630 2324 ᾗ

280 2338 387 2400 toncm
411 2333 562 2414 studiose,
580 2333 738 2399 audivisse
755 2333 851 2398 etiarn
866 2334 1097 2399 Demosthenes
1115 2335 1247 2411 dicitur3
1272 2334 1365 2417 idque
1383 2335 1512 2416 apparet

139 2474 149 2504 ‚2
281 2445 318 2490 ex
341 2443 453 2508 genere
478 2426 510 2489 66
535 2423 713 2507 granditate
734 2424 909 2492 verborum.
955 2424 1043 2489 Dicit
1060 2424 1156 2489 etiam
1172 2425 1205 2488 in
1223 2423 1357 2506 6666666
1374 2423 1510 2506 epistula

139 2583 142 2588 ,
279 2516 338 2580 hoe
361 2515 430 2598 ipse
455 2513 493 2578 de
517 2516 605 2578 sese“
630 2515 662 2578 et
686 2513 748 2577 alio
771 2511 888 2590 loco2):
915 2513 1023 2592 „cuius
1048 2533 1084 2578 66
1101 2514 1247 2595 epistulis
1263 2513 1410 2596 intellegi
1425 2513 1510 2592 licet,

225 2631 228 2642 ·
281 2623 375 2686 qnam
398 2604 544 2686 frequens
569 2602 664 2667 fuerit
686 2602 831 2667 Platonis
856 2603 1009 2672 auditor.“
1056 2605 1122 2668 lam
1148 2623 1218 2668 vcro
1242 2603 1275 2667 in
1297 2603 1406 2686 quinta
1428 2603 1511 2685 epis-

280 2693 350 2758 tula
380 2711 442 2758 non
467 2696 534 2757 tam
558 2693 663 2774 ipsum
688 2692 934 2757 Demosthenem
959 2711 1052 2775 quam
1077 2693 1343 2759 Heracleodorum
1366 2691 1510 2757 Platonis

281 2782 457 2849 auditorem
480 2781 579 2846 fuisse
602 2780 752 2855 traditum
779 2801 968 2864 quamquam
992 2782 1126 2847 16666666
1151 2801 1187 2848 ex
1210 2782 1358 2847 universa
1380 2781 1512 2859 ratione,

281 2893 342 2956 666
375 2871 408 2937 16
444 2871 582 2955 66166616
612 2871 756 2936 Platonis
792 2872 994 2954 philosophia
1024 2872 1189 2952 laudatur,
1225 2871 1370 2938 concludi
1406 2872 1513 2954 potest

280 2962 528 3028 Demosthenem
560 2980 681 3044 quoquc
709 2961 876 3026 Platonem
909 2961 1074 3031 audivisse.
1122 2961 1156 3027 Si
1187 2964 1294 3027 666666
1326 2961 1396 3044 6616
1429 2960 1513 3025 61666

281 3052 464 3117 Ciceronem
495 3071 556 3116 nou
590 3053 730 3115 nostram
756 3051 942 3134 epistulam,
975 3051 1166 3132 sedaliam,
1201 3071 1280 3134 6666
1304 3070 1366 3116 666
1390 3051 1514 3116 6666666

281 3143 341 3222 616,
365 3141 500 3225 legisse,
524 3159 616 3205 nemo
641 3159 712 3204 eum
736 3140 880 3204 refellere
904 3141 1030 3224 poterit.
1078 3140 1194 3206 Contra
1217 3140 1384 3224 quominus
1409 3139 1513 3223 suspi-

281 3233 369 3296 cetur
400 3229 558 3314 quispiam
590 3231 730 3294 nostram
763 3229 932 3312 epistulam
965 3231 1003 3295 ab
1035 3230 1154 3312 aliquo,
1187 3232 1240 3314 qui
1271 3231 1329 3295 hos
1354 3228 1513 3295 Ciceronis

280 3321 367 3386 locos
399 3320 531 3403 legerit,
564 3319 761 3402 suppositam
793 3338 877 3398 esse,
909 3319 990 3384 illud
1021 3319 1160 3400 obstat,¹
1178 3320 1260 3403 6666
1292 3320 1319 3384 16
1344 3321 1429 3385 66666
1452 3338 1513 3383 666

282 3409 460 3475 dubitasset
484 3409 640 3492 expressis
665 3408 769 3473 verbis
792 3409 959 3489 declarare,
977 3429 1071 3492 quarn
1086 3409 1265 3492 frequenter
1282 3409 1513 3475 Demosthenes

281 3501 449 3566 Platonem
482 3497 664 3564 audivisset.
710 3497 754 3561 ht
777 3497 884 3564 Cicero
910 3499 1036 3564 etiamsi
1060 3500 1164 3564 minus
1190 3501 1335 3565 66666666
1360 3517 1396 3564 66
1420 3515 1514 3582 erpo-

281 3591 354 3670 nat,
379 3589 514 3672 666616
538 3589 647 3652 666666
673 3587 811 3671 epistula
834 3589 1010 3667 traduntur,
1034 3591 1141 3653 tamen
1165 3589 1233 3654 fieri
1256 3589 1362 3673 potest
1385 3590 1421 3652 ut
1445 3605 1515 3652 eam

281 3681 385 3763 ipsam
408 3678 530 3762 legerit
576 3677 659 3742 Nam
684 3696 755 3742 cum
778 3678 1026 3742 Demosthenem
1048 3678 1192 3744 Platonis
1217 3679 1392 3744 auditorem
1416 3677 1514 3742 161666

281 3769 417 3834 libenter
449 3767 620 3832 arbitratus
650 3767 761 3845 fucrit,
793 3767 857 3831 iam
888 3767 1069 3832 recordatus
1103 3787 1136 3834 se
1160 3768 1280 3852 aliquid
1305 3766 1459 3832 eiusmodi
1482 3767 1515 3831 in

282 3859 418 3940 quadam
433 3856 659 3922 Demosthenis
685 3857 822 3940 epistula
846 3858 972 3940 legisse,
988 3857 1047 3922 hoc
1064 3858 1268 3942 neglegenter
1286 3856 1515 3940 quodammodo

280 3948 484 4016 asseveravit.
532 3944 632 4025 Quam
649 3945 742 4011 facile
756 3947 831 4011 talis
850 3966 935 4012 66666
959 3948 1116 4012 committi
1139 3949 1287 4031 potuerit,
1312 3967 1348 4012 ex
1369 3965 1404 4011 eo
1422 3964 1515 4029 appa·

281 4041 347 4119 rot,
380 4037 462 4120 quod
497 4035 740 4120 Olympiodorus
773 4055 895 4119 666666
919 4035 1034 4124 (schol.
1060 4037 1099 4101 ad
1124 4038 1205 4106 Plat.
1231 4037 1328 4120 Gorg.
1353 4055 1384 4120 6.
1408 4036 1473 4102 516
1485 4033 1516 4121 d)

392 4323 656 4392 mmmm

388 4411 415 4484 2)
436 4413 532 4469 Orator
550 4417 575 4481 4,
597 4414 637 4468 15.
