3288 5070
858 314 878 379 8

250 516 414 589 τοιούτοις
435 506 539 599 ἧτταν
561 511 665 598 καλὴν
687 512 742 575 καὶ
765 515 1001 598 προσήκουσαν
1024 511 1088 600 ἔφη
1117 518 1213 600 νίκην
1236 515 1328 600 παρὰ
1351 527 1420 591 τοῖς
1443 509 1480 581 εὖ

251 611 415 692 φρονοῦσι
437 606 613 687 κρίνεσθαι
628 602 741 686 λέγων,
759 605 801 688 ἣν
816 606 942 686 γονέων
958 601 1040 678 οίεῖς
1054 601 1226 688 ἡττῶνται,
1245 605 1262 668 i>
1277 628 1331 667 και
1320 605 1482 670 πολῖται

251 700 479 778 συγχωροῦσιν
496 689 655 778 ἀλληλοις.
702 689 791 754 Idem
806 690 965 755 Aristides
979 689 1002 776 1)
1020 709 1092 755 oum
1107 692 1141 756 in
1156 701 1283 774 τεχνῶν
1302 693 1481 796 ῥητορικων
1540 739 1544 744 -

250 783 331 848 libro
355 779 550 862 sexcupla
574 779 759 862 quaedam,
763 781 975 891 ,βαρύτητος“
1001 781 1153 894 explicet,
1168 781 1252 846 hunc
1266 781 1380 846 tertiae
1397 784 1481 865 epis-

250 872 337 936 tulae
362 871 392 954 (§
417 870 473 948 42)
496 870 602 934 locum
626 870 801 951 vituperat:
833 867 879 946 ὡς
908 867 973 951 ἕχει
999 871 1115 936 καὶτὸ
1138 869 1176 936 ἐν
1199 883 1271 948 ταῖς
1293 870 1482 949 ἐπιστολαῖς

252 961 303 1045 „et
333 961 368 1026 ol
399 961 437 1024 τὸ
468 961 652 1072 περιφανὲς
682 959 809 1043 ἀξίωμα
840 969 897 1046 τῆς
926 960 1047 1046 βουλῆς
1076 961 1094 1047 ἢ
1126 961 1186 1026 τὸν
1214 961 1342 1047 Ἀρειον
1372 966 1482 1047 πάγον

252 1051 488 1162 προσβλέπετε,
501 1059 574 1164 τῆς
589 1046 867 1136 Αριστογείτονος
889 1054 1025 1134 κρίσειος
1047 1048 1321 1162 ἀναμνησθέντες
1346 1049 1481 1136 ἐγκαλύ-

251 1145 387 1254 φασθε
413 1138 454 1204 ού
476 1141 537 1251 γὰρ
557 1137 620 1220 ἐ’χω
637 1142 823 1225 πραότερον
839 1142 1066 1225 πρόσφθεγμα
1082 1151 1151 1216 τοῖς
1166 1139 1465 1228 ἐξημαρτηκόσιν’
1437 1165 1483 1218 εις

252 1229 308 1314 ἐμὲ
332 1229 435 1295 αὐτὸν
458 1229 576 1342 εἰπεῖν
581 1228 780 1310 ‘paulloque
811 1228 894 1292 infra
922 1228 1006 1292 hunc
1037 1230 1150 1294 tertiae
1183 1229 1339 1311 epistulae
1370 1230 1400 1313 (ς
1424 1229 1481 1316 37)

250 1321 372 1385 locum:
402 1321 458 1383 καὶ
488 1318 522 1384 αἱ
552 1319 765 1405 διαπορήσεις
794 1317 886 1382 δὲῐ
854 1343 887 1382 αι
911 1316 948 1383 ἐν
960 1331 1042 1432 ἵτοῖς
1062 1319 1290 1402 σχετλιασμοῖς
1315 1323 1482 1408 βαρύτητα

251 1408 401 1491 ἐ’χοσσιν·
427 1407 539 1494 ὥσπερ
564 1406 601 1473 ἐν
623 1419 695 1484 ταῖς
717 1406 937 1489 επιστολαῖς,
942 1433 987 1490 ,ω,
1009 1413 1042 1472 τί
1064 1407 1158 1474 ἄν’
1130 1409 1237 1474 ειπιον
1251 1413 1332 1496 μητε
1348 1409 1482 1496 ἁμρτεῖν

253 1500 384 1586 δοκοίην
407 1502 488 1586 μήτε
511 1502 714 1585 ψεσσαίμην;
738 1497 813 1562 λίαν
837 1496 888 1562 όλί
875 1497 1018 1584 ίίὶγωροι

359 1588 479 1653 Eodem
502 1587 595 1652 modo
611 1587 828 1670 Hermogenes
849 1585 1026 1668 complures
1042 1587 1129 1652 locos
1150 1587 1305 1653 secundae
1321 1590 1384 1653 ett
1369 1588 1482 1653 tertiae

253 1677 425 1760 epistulae,
457 1677 573 1760 partim
602 1676 733 1741 eosdem
764 1695 841 1758 quos
870 1676 1044 1756 Aristides,
1075 1676 1284 1759 reprehendit.
1330 1678 1374 1742 lis
1399 1677 1483 1742 enim

202 1799 206 1806 ·
252 1769 286 1832 in
309 1768 401 1846 libro,
426 1786 520 1849 quem
544 1769 620 1854 περὶ
643 1766 741 1832 ἰδεῶν
764 1766 902 1848 scripsit,
927 1767 1159 1854 ,τραχύτητοςί
1164 1766 1348 1849 ‘exemplis
1371 1767 1482 1836 uti.tnr

251 1857 395 1922 Primum
418 1857 478 1921 hoc
502 1853 608 1940 eso22)
633 1853 788 1920 ’Ἐννοιαι
818 1861 934 1921 τοίνυν
965 1856 1027 1920 εἰσὶ
1058 1868 1204 1943 τραχεῖαι
1228 1867 1334 1922 πᾶσαι
1359 1857 1483 1922 σίτων

251 1951 414 2033 μειζόνων
438 1947 633 2034 apocabatur
656 1943 888 2056 ἐπιτίμησιν”
871 1967 1004 2027 εχοσσαι
1024 1944 1093 2010 ύπό
1109 1970 1200 2022 τινος
1214 1971 1282 2012 των
1298 1945 1484 2012 ἐλαττόνων

253 2039 448 2124 προσώπων
479 2035 774 2122 ἀπαρακαλύπτως
800 2059 845 2110 ως
866 2035 904 2099 τὸ
929 2034 1044 2122 ,,είπερ
1068 2036 1128 2100 τὸν
1151 2034 1370 2148 ἐγκέφαλον’
1357 2061 1393 2102 εν
1416 2049 1485 2113 τοῖς

251 2130 431 2214 κροτάφοις
460 2127 588 2213 καὶμὴ
620 2123 657 2190 ἐν
687 2135 759 2200 ταῖς
789 2129 947 2209 πτέρναις
976 2130 1299 2212 καταπεπατημένον
1330 2126 1482 2214 φορεῖτε“

253 2215 309 2302 (-·
333 2215 450 2294 (Dem.)
476 2234 520 2284 or.
546 2212 898 2296 1,45)κα1ιὸ,,ἀιιὰ
920 2214 1153 2334 μανδραγόραν
1176 2216 1422 2281 πεπωκόσιν”
1403 2242 1422 2302 η
1453 2241 1485 2280 τι

253 2310 334 2394 φάρη
322 2329 429 2388 μακον
448 2305 528 2369 όίλλο
544 2313 698 2369 τοιοῦτον
715 2301 867 2384 ἐοίκαμεν
886 2302 1103 2417 ανθρώπρις“
1128 2309 1184 2382 (z
1200 2301 1319 2390 (Dum.)
1336 2324 1379 2372 or.
1399 2306 1440 2370 10
1442 2306 1482 2384 ,6)

251 2397 306 2460 καὶ
338 2392 488 2460 πάλιν’
475 2418 511 2460 εν
542 2405 614 2470 ταῖς
644 2391 871 2475 ἐπιστολαῖς,
876 2392 915 2476 ,εἰ
946 2393 981 2458 δὲ
1011 2393 1049 2458 τὸ
1073 2395 1257 2481 περιφανὲς
1279 2393 1406 2478 ἀξίωμα
1429 2405 1486 2481 τῆς
1511 2387 1521 2412 ’

251 2485 353 2572 βοολῆ
355 2509 371 2561 ς
393 2502 493 2566 usque
525 2483 564 2548 ad
595 2481 854 2568 ίγκαλύφοσθε“
876 2447 935 2561 ’(--
966 2501 1014 2564 ep.
1045 2483 1101 2562 ΙΙΙ,
1124 2483 1190 2562 42)
1237 2484 1350 2548 Το1ιιιο
1379 2484 1484 2549 locum

253 2573 395 2657 apposui,
419 2573 502 2638 undo
525 2572 748 2656 intellegatur,
781 2591 841 2654 quo
873 2590 977 2637 rerum
1008 2574 1155 2637 contextu
1187 2572 1324 2654 epistula
1348 2593 1484 2638 comme-

252 2665 407 2739 moratum
440 2681 513 2728 nam
547 2661 628 2726 alter
657 2662 746 2727 locus
778 2663 923 2744 sumptus
956 2662 1005 2726 est
1038 2681 1074 2726 er
1098 2662 1234 2744 septima
1258 2662 1398 2728 oratione
1420 2665 1484 2728 De-

253 2752 459 2831 mosthenica
484 2752 534 2817 oui
558 2753 635 2838 περὶ
657 2747 860 2838 Ἁλοννήσου
883 2751 1076 2832 inscribitur,
1101 2771 1180 2834 quae
1199 2753 1306 2817 tamen
1323 2755 1407 2818 corte
1422 2773 1484 2818 non

254 2843 303 2907 est
326 2841 568 2920 Demosthenis,
602 2841 657 2906 sed
687 2841 878 2923 Hegesippi;
910 2840 991 2906 altor
1022 2860 1058 2906 er
1089 2840 1211 2906 decima
1243 2842 1384 2907 oratione
1415 2843 1485 2925 ipsa

253 2951 377 3016 quoque
409 2932 516 3015 spuria
546 2930 642 3044 (κατὰ
678 2931 854 2996 Φιλίππου
885 2932 1046 3019 τετάρτη).
1094 2931 1206 2996 Paullo
1242 2932 1323 2997 infra
1356 2952 1387 3014 p
1420 2932 1484 2998 235

252 3019 742 3105 τερεῐί11111111Ιιεοαεέπείκαὶ
765 3029 873 3103 τούτο,
900 3024 918 3086 ο
940 3023 995 3084 καὶ
1018 3019 1137 3086 αύτό’
1123 3043 1215 3086 εστιν
1238 3019 1275 3087 ἓν
1295 3020 1486 3134 ἐπιστολαῖς

254 3113 363 3195 ,,τὸ
330 3135 390 3198 γαρ
408 3118 455 3196 τῷ
472 3115 611 3196 τοιούτῳ
628 3119 749 3175 τοῦτον
764 3116 945 3196 κεχρησθαι
968 3111 1028 3175 τὸν
1051 3114 1179 3197 τρόπον
1202 3109 1274 3226 ίμρὶ
1296 3111 1358 3194 μὲν
1381 3112 1424 3176 όν
1446 3117 1483 3177 εύ

253 3165 311 3267 λύ’ίό
330 3201 380 3266 ὅτι
396 3203 552 3288 συμφορὰ
569 3205 697 3288 φανείη,
712 3203 786 3263 κακί
787 3225 807 3262 α
774 3199 860 3264 loa
877 3197 991 3282 ούόεμί
966 3204 1012 3264 ιία
1014 3198 1176 3353 ,ίύμετέρα
1192 3199 1261 3265 δὲ’
1243 3201 1482 3289 αγνωμοσύνη“

253 3289 310 3377 (Ξ
334 3309 382 3372 ep
407 3290 447 3369 ll,
473 3292 514 3368 8),
545 3289 690 3377 τραχύ)
678 3285 785 3371 ιἰέν
771 3310 841 3353 εστι
872 3313 911 3377 τη
942 3287 1063 3376 ἐννοίᾳ,
1096 3289 1308 3372 μεθοδεοθὲν
1339 3291 1374 3356 δὲ
1396 3291 1483 3356 οίίτω

252 3382 308 3445 καὶ
337 3402 392 3462 σοι
394 3341 533 3446 ιπλακὲν
564 3385 611 3464 api
642 3378 709 3464 πρὸ
740 3376 843 3442 αύτοῦ
874 3403 909 3443 τε
940 3379 995 3442 καὶ
1024 3314 1093 3461 μετ>
1118 3377 1201 3443 αύτὸ
1224 3379 1388 3488 λειότερόν
1412 3403 1485 3496 πως

252 3473 374 3578 γέγονε·
391 3473 499 3534 καίτοι
512 3469 614 3534 καὶ
583 3493 620 3534 το
637 3466 845 3553 ἐπαγόμενον
862 3466 927 3550 ε’χει
942 3493 974 3532 τι
989 3471 1198 3556 τραχύτητος,
1217 3466 1287 3534 ἐ’στι
1309 3470 1392 3534 δὲ
1360 3494 1398 3534 το
1423 3474 1485 3558 ,,ην

253 3565 301 3672 api
323 3582 533 3668 μεταγνωναι
555 3558 697 3623 λύσατεα
724 3561 780 3638 (z
804 3576 852 3639 ep
876 3558 917 3637 ΙΙ,
942 3558 973 3638 8)
996 3559 1052 3622 καὶ
1073 3560 1140 3646 μην
1157 3559 1217 3622 καὶ
1240 3559 1277 3624 τὸ
1302 3551 1419 3641 ,,ω(τί
1407 3559 1485 3626 lto

254 3647 360 3714 εἰπὼν
389 3643 470 3736 μηθ’
504 3647 537 3731 rip
524 3658 672 3756 μαρτεῖν
692 3647 782 3760 {cxci
769 3651 823 3734 ίην
853 3651 934 3736 μητε
965 3652 1092 3760 ηιεσσαί
1091 3648 1236 3761 μην;)λ
1238 3652 1293 3714 ίαν
1323 3646 1374 3713 όλί
1362 3653 1482 3736 ί,γωροι

254 3737 330 3804 οὔτε
354 3738 432 3852 τούς
454 3737 574 3814 α’λλοσς
597 3731 672 3802 οὐθ’
698 3735 784 3820 ὑμᾶς
807 3735 929 3813 αύτούς
951 3735 1201 3819 αἰσχύνεσθε,
1187 3731 1239 3824 εφ’
1266 3734 1314 3814 οῖς
1335 3734 1484 3826 Αριστο-

253 3824 1484 4005 1111111111ἒίιῖύόικύύύύλ11111111,,,11

253 4007 403 4094 λειότητα
434 4008 518 4071 κατὰ
549 4031 610 4095 την
634 4007 915 4093 ύιαπόρησιν-
948 4009 1102 4092 Σχήματα
1134 4006 1168 4071 δὲ
1191 4010 1312 4092 τραχέα
1341 4008 1483 4091 μάλιστα

253 4095 316 4178 μὲν
347 4097 387 4162 τὰ
423 4098 663 4183 προστακτικὰ,
700 4095 772 4162 οίον
807 4119 886 4182 ,,της
919 4093 1197 4182 Αριστογείτονος
1230 4096 1419 4182 κρίσειος’
1401 4121 1482 4162 ανα-

363 4293 387 4356 1)
408 4291 444 4360 Π,
463 4310 489 4362 p.
510 4293 569 4346 729.

361 4380 388 4450 2)
409 4379 448 4435 Cf.
468 4381 550 4437 Walz.
570 4381 638 4436 rhet.
658 4397 746 4451 graec.
765 4380 816 4446 ΠΙ,
836 4398 861 4450 p.
881 4381 941 4434 233.
