3288 5070
826 375 985 478 ‘’a-o-

291 578 472 663 πρέσβειον.
519 574 707 657 Priusquam
731 575 837 639 antem
861 573 900 640 ad
928 574 1081 658 Pythonis
1106 575 1282 658 exemplum
1310 576 1516 654 transeamus

289 666 386 730 liceat
409 665 467 730 hoo
491 665 560 730 loeo
582 683 825 730 oommemorare
842 666 993 730 nonnulla
1008 665 1041 729 in
1058 665 1194 730 secunda
1211 665 1366 746 tertiaque
1383 666 1518 748 epistula

289 755 433 833 inueniri,
474 774 568 837 quae,
600 756 654 819 aut
685 753 767 837 quod
799 755 837 818 ad
869 755 1043 820 sententias
1073 757 1127 820 aut
1151 754 1233 838 quod
1257 755 1296 819 ad
1319 774 1369 819 res
1394 755 1516 834 attinet,

290 845 392 928 magis
417 845 514 910 etiam
538 863 629 926 quam
656 863 734 927 quae
766 844 867 908 adhue
899 845 1110 927 aepporinum,
1134 864 1204 909 oum
1228 845 1307 909 loois
1332 845 1517 927 quibusdam

290 935 422 1000 oliorum
455 936 643 1017 scriptorum
674 936 858 1016 congruunt.
906 935 1028 999 Dixerit
1058 933 1192 999 fortasse
1224 935 1381 1016 quispiam
1409 936 1516 999 notum

291 1043 360 1089 esse
383 1023 450 1088 illis
474 1025 669 1106 temporibus
700 1024 787 1088 looos
819 1025 969 1105 quosdam
1002 1025 1177 1089 oratoribus
1207 1024 1312 1088 ettiois
1338 1043 1519 1090 communes

291 1113 460 1182 exstitisse.
507 1115 605 1178 Reote
636 1113 668 1177 id
700 1113 825 1195 quidem
856 1133 956 1196 noque
989 1115 1168 1197 negauerim
1196 1114 1292 1178 etiam
1315 1113 1348 1178 in
1373 1113 1518 1196 epistulis

291 1203 445 1268 eiusmodi
470 1205 643 1268 sententias
676 1204 796 1283 inesse,
829 1223 905 1285 quus
938 1205 976 1268 ab
1001 1205 1127 1269 auctoru
1152 1203 1310 1268 adhibitos
1335 1221 1403 1268 esse
1427 1219 1518 1269 nemo

290 1293 491 1376 vituperabit.
538 1294 589 1358 lta
612 1293 753 1358 conferas

504 1402 550 1465 ep.
575 1384 616 1461 ΙΙ,
644 1385 684 1448 10
899 1385 930 1447 et
1145 1402 1187 1450 or.
1215 1383 1265 1460 18,
1290 1385 1309 1446 8

290 1476 351 1560 τήν
364 1473 507 1560 πατρίδα
521 1511 571 1555 -,
591 1473 638 1549 εἰς
653 1477 694 1561 ήν
717 1476 883 1560 τοσαύτην
930 1475 1011 1560 ἀσην
1035 1472 1169 1538 εδνοιαν
1192 1471 1277 1554 έχων
1301 1471 1363 1557 έγδι
1384 1473 1519 1537 διατελιῖι

290 1563 425 1628 εὔνοιαν
455 1561 586 1648 έμαιιτήι
622 1562 775 1643 σύνοιδα,
806 1563 884 1650 δσης
929 1569 968 1652 τῇ
1003 1587 1038 1626 τε
1074 1563 1169 1626 πόλει
1202 1564 1256 1626 καὶ
1292 1572 1396 1627 πᾶσιν
1429 1561 1518 1644 ὑμῖν,

292 1649 371 1739 παρ’
396 1651 491 1735 ὑμῶν
515 1651 652 1736 εὔχομαι
674 1664 795 1734 τυχεῖν.
929 1655 1096 1739 τοσαύτην
1108 1650 1253 1737 δπάρξαι
1265 1675 1321 1733 μοι
1335 1646 1411 1738 παρ’
1426 1650 1522 1734 «ὑμῶν

930 1742 975 1819 εἰς
998 1743 1132 1807 τουτονὶ
1155 1741 1275 1825 ἀγῶνα.

291 1831 412 1896 Similis
436 1831 524 1896 loeus
550 1831 604 1913 qni
628 1833 756 1896 vooatun
779 1833 954 1896 eommunis
979 1831 1030 1896 hio
1055 1833 1116 1907 ost,
1141 1831 1194 1911 qui
1217 1832 1342 1912 praeter
1366 1830 1522 1911 epistulae

289 1921 395 1986 locum
419 1941 480 1985 non
504 1921 608 1986 solum
631 1921 711 2004 opud
738 1921 1000 2001 Demosthenem,
1025 1919 1081 1985 sed
1105 1919 1201 1984 etiam
1226 1919 1308 2001 apud
1331 1919 1523 1984 Aesohinem
1607 1977 1608 1980 ,

291 2011 451 2075 adhibitus
477 2012 543 2074 est:
1607 2081 1608 2084 Ἴ

380 2119 427 2182 ep.
451 2101 509 2178 ΙΙΙ,
538 2103 575 2164 11
721 2107 725 2116 ’
824 2120 866 2170 or.
892 2101 989 2179 57‚6
1152 2099 1264 2166 Aesoh.
1289 2099 1321 2162 in
1346 2097 1420 2163 Otos
1447 2101 1511 2164 134

290 2193 326 2266 ὃς
360 2191 414 2254 καὶ
448 2202 517 2266 τοῖς
547 2189 667 2277 ἀταχή-
691 2187 694 2242 Ι
716 2193 776 2276 τήν
819 2191 865 2268 είς
905 2189 990 2274 ὑμᾶς
1028 2203 1096 2266 τοῖς
1116 2185 1120 2238 l
1141 2186 1202 2277 ήδ
1215 2188 1356 2275 ὑμετέρα
1374 2189 1523 2276 πόλις,ή
1607 2235 1608 2240 1

291 2303 388 2344 σασιν
408 2279 458 2344 ἀεὶ
473 2281 587 2366 κοινήν
604 2279 667 2362 ἔχει
716 2280 921 2367 ἀδικηθεῖσιν
937 2279 1094 2368 έποιήσα-
1141 2282 1233 2366 κοινή
1253 2281 1426 2366 καταφυγή
1454 2288 1524 2344 τιῖιν

289 2374 494 2458 καταφυγήν.
715 2393 750 2434 τε
773 2374 977 2458 καταφυγήν.
1139 2364 1313 2456 Ἑλλήνιον.

291 2458 500 2542 Comparandi
524 2460 598 2522 sunt
622 2460 719 2524 etiam
742 2460 776 2523 hi
798 2459 878 2524 looi:

512 2567 559 2630 ep.
583 2549 642 2626 ΙΙΙ,
666 2550 709 2614 45
1147 2568 1189 2616 or.
1216 2545 1293 2633 (10),
1318 2549 1359 2611 41

291 2637 416 2724 ’έγναικα
451 2639 511 2724 γὰρ
539 2637 582 2720 -έξ
616 2637 716 2725 ἀρχῆς
754 2641 857 2704 παντὶ
892 2645 938 2722 τῷ
986 2637 1098 2724 ὥσπερ
1149 2643 1264 2704 τοίνυν
1311 2637 1385 2713 ἑνὸς
1430 2637 1526 2726 ήμιῖιν

291 2727 536 2811 πολιτευομένην
566 2733 761 2815 προσήκειν,
787 2728 894 2814 ἀνπερ
918 2720 939 2818 ᾗ
985 2727 1124 2793 ἑκάοτοο
1141 2733 1190 2804 τίς
1209 2726 1278 2793 έστι
1293 2727 1417 2812 γονεὺς,
1436 2727 1525 2792 oliuo

291 2817 414 2893 δίκαιος
445 2817 597 2903 πολίτης,
631 2817 743 2905 ὥσπερ
768 2817 798 2882 oi
822 2818 938 2895 παῖδες
984 2821 1231 2904 σαμπάσηςτής
1248 2817 1527 2894 πιίλειοςκοινοὺς

292 2907 376 2994 πρὸς
422 2907 500 2982 τοὺς
546 2911 677 2991 γονέας,
726 2907 813 2973 otiolo
853 2908 937 2995 πρὸς
983 2907 1031 2972 δεῖ
1064 2913 1181 2992 γονέας
1214 2907 1292 2983 τοὺς
1327 2909 1527 2990 σύμπαντας

291 2998 444 3074 ἅπαντας
466 2995 543 3072 τοὺς
566 2998 705 3074 πολίτας
727 2996 822 3079 ἔχειν.
982 2998 1143 3084 ήνεῖσθαι.

291 3087 392 3167 Quem
415 3087 521 3150 loonm
545 3105 741 3151 communem
765 3087 802 3154 Α.
829 3085 975 3151 Sohaefer
998 3087 1029 3150 in
1055 3086 1158 3152 annal.
1182 3085 1293 3167 philol.
1321 3087 1382 3151 115
1406 3105 1436 3166 p.
1461 3086 1524 3148 161

291 3194 405 3258 negare
428 3175 538 3258 nequit
562 3177 600 3240 ab
633 3176 787 3258 epistulae
819 3178 945 3240 auotore
976 3176 1089 3239 melius
1122 3175 1298 3240 adhibitam
1330 3193 1399 3239 esso
1430 3193 1527 3255 quam

290 3267 343 3346 „in
367 3265 421 3329 der
445 3265 793 3348 zusammengefliokteo
818 3265 905 3330 Reda
937 3283 1037 3348 gagen
1068 3265 1195 3347 Philipp
1219 3265 1304 3330 lVf‘.
1352 3263 1441 3329 Addo
1466 3263 1527 3328 hos

290 3358 395 3421 looos:
466 3373 512 3436 ep.
537 3355 640 3434 lll‚8
1128 3374 1172 3422 or.
1198 3356 1272 3432 2,4

292 3448 353 3511 ὅσα
388 3450 502 3529 μέντοι
536 3445 700 3531 λοιδορίας
733 3449 831 3531 χωρίς
877 3449 897 3510 ἃ
929 3445 963 3510 δὲ
993 3447 1047 3509 καὶ
1077 3446 1175 3532 χωρὶς
1205 3447 1334 3508 τούτων
1368 3440 1434 3522 ένι,
1471 3444 1530 3506 καὶ

292 3535 391 3618 ἔστιν,
417 3529 465 3601 ὧν
489 3536 620 3622 λέγουσί
643 3559 745 3617 τινες,
777 3535 829 3598 καὶ
877 3537 1006 3620 βέλτιόν
1049 3533 1139 3600 ἔστιν
1180 3533 1353 3620 ἀκηκοέναι
1395 3535 1530 3608 πάντας
1607 3565 1608 3630 η

292 3626 466 3712 ἀκηκοέναι
521 3629 704 3714 συμφέρειν
752 3623 832 3707 ὑμῖν
878 3624 963 3707 ὑμᾶς
993 3626 1046 3689 καὶ
1076 3623 1217 3709 μεγάλα,
1252 3617 1277 3687 ὦ
1305 3621 1335 3687 ἀ.
1366 3618 1423 3702 Α,
1453 3617 1526 3684 κατ’
1607 3633 1608 3672 l

292 3716 441 3804 ήμοῦμαι,
467 3724 572 3780 ταῦτα
597 3715 741 3802 δηλιίισιο,
879 3713 1006 3780 ἐκείνου
1030 3710 1175 3800 φαίνοιτ)
1200 3713 1242 3778 ἀν
1273 3711 1381 3798 ἀνείδη
1405 3711 1530 3794 μουλο-
1607 3751 1608 3788 p

878 3809 991 3887 μένοις
1013 3803 1143 3889 ,ὀρθῶς
1185 3803 1387 3888 δοκιμάζειν,
1432 3796 1527 3864 ταῦτ’

880 3893 987 3960 εἰπεῖν
1012 3897 1219 3980 πειράσομαι.
1607 3895 1608 3984 l

517 4002 562 4065 ep.
587 3983 644 4062 ΙΙΙ,
668 3985 710 4048 41
1098 4001 1234 4063 prooem.
1260 3980 1420 4065 (nemon
1607 3985 1608 3992 ’

292 4077 346 4142 καὶ
370 4077 444 4140 τότε
469 4077 589 4162 φήσετε
613 4074 705 4138 δεινὰ
725 4077 938 4138 πεπονθέναι
961 4068 964 4121 ί
987 4067 1056 4136 εἶτα
1088 4076 1161 4136 τότε
1191 4070 1397 4158 αἰσθήσεσθε
1422 4070 1532 4157 ήμαρ-
1607 4103 1608 4172 η

292 4189 333 4250 με
374 4163 513 4248 ἀκρηίιῖις
548 4158 635 4244 οἶδα,
674 4164 727 4228 ὅτε
763 4160 832 4228 οὔτ’
869 4161 939 4245 ἐμοὶ
987 4165 1134 4247 τηκότες,
1177 4161 1271 4248 ήνίκα
1308 4157 1377 4225 οὐδ’
1413 4159 1534 4226 ὁτιοῦν
1607 4195 1608 4200 ¹

294 4254 399 4320 πλέον
423 4249 500 4317 σι’ίθ)
525 4250 605 4335 ὑμῖν
628 4251 728 4316 ἔσται.
987 4249 1066 4333 ὑμῖν
1090 4252 1194 4315 πλέον
1219 4249 1319 4315 ἐ’σται.
1607 4209 1608 4286 λ

292 4344 460 4410 Praeterea
483 4341 579 4406 etiam
598 4341 742 4406 nonnulli
760 4341 816 4405 alii
833 4340 896 4406 looi
912 4340 995 4405 inter
1014 4359 1046 4404 se
1065 4339 1263 4408 conveniunt.
1311 4339 1361 4403 Ita
1381 4339 1414 4403 in
1432 4339 1536 4404 tertia
1607 4351 1608 4420 1

294 4432 431 4515 epistula
455 4431 601 4496 dieuutur
617 4431 827 4496 Athenienses
851 4430 1007 4496 beneficos
1024 4430 1177 4510 homines,
1200 4427 1348 4512 quamdiu
1373 4428 1412 4492 iis
1436 4430 1536 4494 uian—
1607 4431 1608 4526 ή
