3288 5070
802 314 962 415 *ua—

266 515 481 582 mosthonicee
512 513 628 579 rationi
657 513 751 596 plene
782 513 952 596 respondet
983 511 1033 599 (cs.
1067 533 1109 580 or.
1146 515 1214 594 18,1
1242 515 1488 600 resplendente

267 605 403 779 ἀκούειν)
430 603 516 688 ὑμᾶς
546 602 626 688 ἐμοῦ
655 605 703 669 δεῖ
726 606 757 668 et
781 604 799 686 ἓ
827 606 889 669 178
913 611 973 670 τοῦ
997 607 1079 670 πότε
1104 604 1152 670 δεῖ
1173 604 1317 690 βαδίζειν
1341 602 1438 670 ἐκεῖσε
1461 608 1489 670 et

261 714 311 763 or.
337 695 412 775 3,2.

373 783 544 866 Pan-tioipia
568 784 674 848 tamen
698 783 861 862 absoluta,
893 784 929 848 ut
953 781 1036 866 ἐξόν,
1062 783 1146 865 δέον,
1173 793 1350 871 προσῆκον,
1376 789 1488 871 παρόν,

268 893 346 956 quae
387 874 541 956 quotquot
578 873 611 936 iu
647 891 774 956 corpore
810 873 985 938 orationum
1022 873 1338 938 Demosthenicarum
1373 876 1491 940 exstant

268 963 433 1029 Schulzius
456 963 490 1026 in
514 962 590 1030 diss.
615 961 700 1030 laud.
724 983 754 1044 p.
779 963 822 1027 59
847 963 1018 1041 enumerat,
1042 962 1073 1026 in
1100 962 1246 1044 epistulis
1270 963 1386 1027 frustra
1403 982 1490 1044 quae-

266 1073 327 1121 res
375 1051 522 1118 ueterum
547 1052 625 1116 locis
643 1070 720 1133 quos
735 1050 899 1116 Sohulzius
913 1051 1043 1135 collegit
1056 1051 1230 1133 quibusque
1245 1052 1360 1117 Uhlius
1373 1053 1406 1116 in
1420 1053 1490 1121 diss.

266 1143 289 1212 1.
306 1161 337 1224 p.
350 1143 392 1208 86
418 1141 468 1225 (ci.
493 1142 590 1206 etiam
613 1140 752 1209 Windel.
777 1141 799 1208 l.
823 1141 846 1209 l.
870 1162 900 1224 p.
927 1142 981 1225 13)
1006 1141 1128 1222 aliquos
1153 1141 1284 1221 addidit,
1310 1143 1407 1206 etiam
1430 1141 1491 1206 adi·

267 1231 412 1297 ciendum
436 1232 486 1296 est
509 1241 678 1318 προσῆκον
702 1249 746 1298 or.
774 1232 888 1310 laam
916 1231 947 1295 et
970 1229 1015 1306 ὡς
1039 1267 1080 1276 -
1105 1231 1180 1296 δέον
1203 1250 1339 1313 prooem.
1365 1233 1440 1310 (47).

374 1321 491 1386 Hiatus
524 1340 595 1386 cum
626 1320 659 1384 in
684 1320 797 1384 ceteris
830 1321 976 1403 epistulis
1001 1339 1062 1385 non
1086 1320 1231 1401 frequens
1256 1321 1315 1399 sit,
1346 1321 1380 1385 in
1404 1321 1493 1385 tertia

268 1411 438 1495 quintaque
453 1410 579 1492 saepius
596 1409 765 1478 invenitur.
813 1408 914 1489 Quare
930 1409 1080 1475 Benseler
1092 1410 1111 1487 ¹)
1136 1410 1228 1474 dicit:
1254 1411 1318 1488 „Du
1333 1410 1384 1474 his
1402 1409 1494 1494 igitur

267 1500 414 1583 epistulis
446 1501 530 1565 certe
560 1500 690 1564 tertiam
721 1502 753 1564 et
784 1500 928 1582 quintam
951 1499 1044 1586 (hanc
1068 1519 1139 1563 cum
1165 1496 1213 1584 [G.
1239 1495 1292 1585 Η]
1318 1496 1494 1583 Schaefero)

266 1589 475 1657 Demostheni
500 1589 725 1654 abiudieandas
750 1608 819 1654 esse
840 1589 990 1668 arbitror,
1023 1588 1060 1653 de
1085 1588 1196 1653 ceteris
1220 1589 1253 1652 id
1276 1589 1381 1653 minus
1407 1589 1495 1653 facile

266 1680 384 1764 poterit
406 1679 542 1761 probari.
589 1679 658 1743 Hoc
683 1677 767 1742 enim
792 1698 867 1744 sane
891 1678 1073 1743 affirmarim
1089 1679 1337 1743 Demosthenem
1360 1678 1395 1742 in
1417 1679 1496 1743 eius-

266 1769 353 1836 modi
385 1768 531 1852 epistulis
562 1769 688 1852 publice
719 1768 827 1833 missis
858 1768 949 1833 hiatu
981 1767 1190 1847 abstinuisse,
1223 1768 1305 1850 quod
1328 1768 1361 1832 in
1386 1767 1496 1834 ceteris

268 1860 364 1925 etiam
393 1859 514 1924 factum
545 1877 615 1923 esse
647 1857 820 1926 videmus.“
865 1858 1010 1922 Blassius
1043 1877 1114 1922 uero
1140 1877 1211 1922 cum
1235 1857 1273 1922 de
1298 1857 1410 1939 quinta
1434 1858 1496 1940 epi-

268 1949 352 2016 stula
382 1948 467 2012 idem
498 1947 581 2029 quod
611 1948 762 2012 Benseler
793 1947 911 2012 sentiat
934 1985 975 1992 -
1001 1947 1079 2012 dicit
1110 1947 1193 2011 enim
1224 1945 1333 2026 ille2):
1375 1948 1447 2027 „Im
1469 1947 1497 2014 5.

266 2037 370 2104 Briele
393 2036 499 2102 finden
524 2037 591 2102 sich
615 2037 756 2102 mehrere
772 2037 900 2115 Biston,
925 2037 975 2100 die
1000 2036 1078 2101 doch
1094 2037 1325 2102 Demosthenes
1346 2037 1380 2100 in
1399 2037 1498 2102 seiner

266 2127 392 2210 dugend
416 2127 496 2191 noch
521 2128 666 2209 strenger
689 2127 736 2191 als
762 2128 869 2208 spater
891 2126 995 2191 misd‘
1009 2165 1061 2205 -,
1086 2125 1123 2190 de
1140 2127 1234 2190 tertia
1251 2126 1392 2209 epistula
1409 2127 1498 2192 aliter

266 2217 386 2282 iudicat
409 2217 490 2281 hanc
517 2215 616 2280 ferens
641 2217 849 2281 sententiam:
875 2216 1082 2298 „Anstdssige
1102 2215 1219 2280 Hiateu
1243 2215 1348 2280 finden
1372 2216 1444 2282 sich
1468 2217 1499 2279 in

267 2307 326 2372 den
353 2308 391 2372 71
418 2305 638 2388 Peragraphen
672 2304 730 2391 (sc.
763 2305 918 2370 secundae
949 2305 1124 2386 tertiaeque
1157 2303 1324 2392 epistulae)
1349 2325 1411 2370 nur
1435 2304 1499 2369 drei

262 2397 315 2462 bis
341 2395 423 2461 vier“
449 2395 491 2478 (p.
517 2395 605 2479 391).
652 2396 804 2461 Attamen
828 2415 898 2461 cum
918 2395 952 2459 in
970 2394 1107 2460 secunda
1122 2395 1259 2476 epistula
1275 2414 1356 2460 unus
1373 2397 1500 2462 tantum

264 2486 371 2550 hiatus
396 2484 427 2568 (ξ
454 2486 516 2550 2οι
548 2510 605 2568 μοι
626 2483 802 2572 ὑπάρχειν)
825 2485 913 2564 insit,
938 2486 1032 2566 atque
1055 2503 1167 2548 novem
1191 2484 1319 2550 illorum
1343 2485 1499 2564 hiatuum,

266 2593 343 2658 quos
363 2575 514 2639 Benseler
538 2593 554 2638 e
577 2575 673 2639 tertia
697 2576 833 2656 epistula
857 2574 1060 2657 deprompsit,
1084 2593 1165 2638 uuus
1189 2593 1208 2638 a
1235 2575 1360 2640 Blaesio
1383 2575 1500 2642 conie-

267 2667 355 2730 ctura
372 2663 404 2746 (ἓ
419 2665 460 2728 10
483 2665 704 2747 βουλεύεσθαι
728 2663 889 2750 ἐγνώκατε
899 2689 908 2744 ;
933 2663 1119 2728 alterutrum
1136 2664 1229 2744 enim,
1246 2664 1311 2729 sive
1328 2663 1500 2748 ἐβουλεύε-

266 2759 330 2819 σθε
354 2753 420 2818 siue
444 2751 615 2838 ἐγνώκατε,
641 2753 736 2818 scribi
760 2751 842 2838 vult)
866 2753 1013 2834 tollatur,
1038 2753 1258 2835 relinquuntur
1282 2756 1351 2818 octo
1376 2755 1413 2819 hi
1438 2756 1501 2818 ter-

264 2843 328 2908 tiae
353 2842 508 2924 epistulae
532 2842 648 2922 hiatus
674 2843 692 2926 ξ
710 2845 750 2908 18
768 2845 863 2910 πόλει
879 2843 992 2925 ἰσχύει,
1019 2843 1096 2926 §26
1113 2839 1329 2928 Ἀλεξάνδρον
1346 2843 1499 2933 ἀφέντες,

264 2935 282 3017 ἓ
307 2934 347 2998 27
374 2937 679 3020 παρακαταθέσθαι
701 2932 837 3015 ἑαυτόν,
863 2933 881 3016 ξ
905 2934 948 2997 33
973 2933 1224 3015 πολιτευόμεναι
1247 2931 1386 3014 οὐδένα,Ι
1419 2934 1503 2998 hunc

265 3041 336 3088 vero
361 3041 430 3087 esse
454 3022 578 3086 hiatum
600 3021 744 3087 Blassius
768 3022 903 3088 fortasse
927 3021 1065 3106 negabit,
1091 3023 1163 3103 quia
1186 3021 1219 3086 in
1242 3041 1317 3088 voce
1342 3025 1502 3089 πολιτευ-

265 3116 377 3194 όμενοι
400 3111 461 3176 coli
486 3111 569 3192 quod
593 3113 721 3176 vocatur
744 3112 816 3177 finis
841 3112 893 3190 sit,
918 3113 936 3194 g
960 3112 1002 3176 35
1027 3115 1212 3199 φαίνεσθαι
1227 3110 1319 3194 ἔχων,
1347 3115 1430 3192 §39
1448 3136 1504 3196 μοι

263 3201 388 3288 ἄφιξιν,
415 3201 433 3284 ἓ
457 3202 501 3265 40
524 3199 729 3266 ἐπίστασθαι
746 3201 974 3283 αἰσχύνεσθαι,
1000 3201 1079 3284 §44
1095 3199 1209 3288 εὐνοία
1225 3202 1339 3278 οὕτως.
1387 3203 1503 3285 Itaque

265 3309 301 3354 ex
332 3290 383 3354 his
408 3290 602 3372 argumentis
628 3291 666 3354 ab
689 3289 779 3355 hiatu
802 3290 912 3372 petitis
937 3289 1018 3354 nihil
1042 3291 1119 3354 certi
1143 3289 1181 3354 de
1206 3291 1418 3373 epistularum
1442 3291 1504 3356 fide

264 3379 373 3462 colligi
397 3397 490 3460 posse
513 3379 700 3461 putaverim.

370 3468 437 3534 Nec
467 3488 539 3533 vero
571 3469 674 3552 magis
707 3488 743 3534 ex
775 3488 810 3534 ea
841 3470 928 3553 lege,
961 3487 1056 3550 quam
1078 3469 1223 3534 Blassius
1256 3469 1441 3536 observavit
1474 3471 1505 3534 et

262 3557 474 3642 rhythmicam
499 3558 681 3641 appellauit,
706 3559 879 3624 seeundum
903 3577 997 3641 quam
1012 3559 1244 3624 Demosthenes
1261 3561 1351 3624 cavet
1368 3580 1410 3625 ne
1429 3561 1504 3642 plus

263 3666 358 3729 quam
390 3647 469 3712 duae
500 3648 611 3712 breves
644 3649 784 3730 syllabae
817 3649 963 3730 deinceps
996 3650 1183 3728 sequantur,
1221 3649 1258 3713 de
1290 3649 1506 3732 epistularum

263 3736 451 3802 auctoritate
475 3738 595 3802 certum
619 3737 772 3802 iudicium
802 3738 876 3802 ferri
906 3739 1022 3820 potest.
1069 3736 1153 3803 Nam
1185 3739 1222 3802 ut
1252 3738 1398 3821 quintam
1433 3759 1506 3804 sex·

261 3827 390 3908 tamque
415 3826 595 3909 epistulam,
619 3827 652 3891 in
677 3828 789 3910 quibus
814 3828 865 3891 lex
887 3827 945 3892 illa
969 3827 1095 3892 omnino
1121 3827 1292 3911 neglectass)
1312 3830 1369 3908 est,
1387 3829 1506 3894 mitta·

373 4110 397 4179 1)
417 4111 458 4164 De
476 4111 553 4165 hiatu
577 4111 605 4165 in
625 4111 775 4166 oratoribus
794 4112 885 4166 atticis
912 4116 940 4167 et
957 4112 1095 4166 historicis
1120 4113 1232 4182 graecis,
1251 4113 1400 4182 Fribergae
1425 4117 1507 4178 1844,

283 4241 289 4255 .
312 4201 369 4254 155.

261 4217 278 4270 p
370 4292 394 4354 2)
417 4290 469 4343 Die
488 4293 537 4344 att.
557 4290 588 4343 B.
607 4290 658 4360 111,
680 4294 703 4356 1,
724 4293 810 4356 379,4.

371 4379 397 4449 3)
417 4377 457 4433 Cf.
476 4379 564 4434 Blass.
583 4380 601 4434 1.
620 4381 638 4434 l.
657 4398 683 4450 p.
703 4383 763 4449 397,
785 4383 875 4435 annot.
895 4385 913 4436 4
932 4385 959 4436 et
977 4385 1002 4436 2.
