3288 5070
909 326 953 408 lc·

312 541 383 609 οἶδα
407 544 462 608 καὶ
486 541 544 607 τὸν
567 545 634 606 Δία
666 539 725 606 τδν
758 543 960 606 Δωδωναῖον
1007 537 1193 623 ναῖονδμῖν
1208 538 1467 630 μαντευόμενον,
1485 551 1542 638 την

311 635 365 698 καὶ
389 635 449 719 την
473 634 609 716 Διώνην
632 632 687 694 καὶ
718 631 777 694 τὸν
809 628 959 695 Ἀπόλλω
1006 635 1120 712 μέντοι
1151 639 1219 694 τῶν
1247 636 1388 699 πάντων
1412 635 1543 724 ἅνθρω-

312 724 371 788 τὸν
395 725 533 786 Πύθιον
563 720 613 784 ἀεὶ
644 721 800 805 λέγοντας
830 719 866 784 ἐν
890 732 961 795 ταῖς
1008 742 1092 800 ττων,
1119 723 1137 806 ἣ
1161 727 1226 785 νῦν
1249 719 1370 804 ἐπέχει,
1396 725 1544 815 χαλεπὴν

313 815 491 894 μαντείαις.
1007 809 1061 872 καὶ
1084 808 1203 894 δεινήν.

417 901 446 964 A
469 899 684 964 Demosthene
707 901 776 980 ipso
800 899 882 962 hunc
904 898 1008 962 locum
1033 898 1065 960 in
1088 897 1257 979 epistulam
1274 900 1466 967 translatum
1483 925 1544 972 uon

312 1009 381 1054 esse
405 987 498 1053 facile
521 987 729 1070 intellegitur.
777 987 887 1069 Neque
911 989 995 1052 enim
1019 986 1139 1052 auctori
1163 989 1270 1052 nostro
1300 989 1419 1055 sufficit
1442 997 1544 1060 nomi-

312 1097 386 1143 nare
411 1079 470 1143 τὸν
493 1083 559 1141 Δία
583 1079 643 1142 τὸν
666 1078 882 1159 Δωδωναῖον,
909 1077 964 1141 sed
988 1077 1081 1141 etiam
1108 1075 1213 1140 addit:
1246 1079 1300 1141 καὶ
1324 1081 1385 1165 την
1408 1085 1545 1172 Διώνην

311 1171 365 1233 καὶ
389 1169 448 1232 τὸν
471 1164 623 1231 Ἀπόλλω
647 1167 706 1230 τὸν
730 1170 875 1248 Πύθιον,
901 1185 994 1247 quam
1018 1163 1262 1230 cumulationem
1288 1185 1305 1230 a
1328 1167 1544 1238 Demosthene

312 1257 455 1321 consulto
481 1257 614 1320 vitatam
639 1274 707 1320 esse
728 1257 988 1321 Westermannus
1014 1253 1207 1337 suspicatur,
1239 1256 1293 1336 qni
1317 1256 1356 1320 ad
1380 1257 1475 1323 illum
1501 1283 1545 1332 or.

312 1346 436 1413 decor.
468 1345 541 1414 hab.
572 1345 678 1409 locum
711 1349 754 1427 (p.
786 1347 848 1410 139
873 1345 1001 1427 quintae
1033 1344 1092 1421 ed.)
1124 1344 1271 1408 annotat:
1305 1346 1389 1424 „Der
1420 1348 1548 1417 Redner

311 1435 388 1499 wird
407 1434 516 1500 seinen
536 1433 644 1499 Grund
662 1434 779 1517 gehabt
794 1435 905 1512 haben,
923 1453 1041 1499 warum
1057 1453 1090 1497 er
1105 1434 1206 1497 neben
1223 1433 1295 1498 dern
1311 1434 1548 1506 uodonaischen

313 1526 393 1589 Zeus
417 1525 506 1588 nicht
530 1524 609 1588 auch
633 1522 693 1587 den
723 1523 911 1607 pythischen
934 1523 1072 1606 Apollon
1103 1524 1219 1586 nanntc
1252 1524 1387 1600 (obwohl
1413 1526 1469 1592 dor
1492 1531 1543 1600 Vf.

314 1615 368 1678 des
393 1615 424 1682 4.
449 1613 552 1677 Bricfs
577 1613 644 1678 dies
668 1613 741 1678 thut
765 1613 828 1678 und
853 1613 932 1678 auch
963 1613 1032 1677 hier
1053 1611 1178 1677 minden
1201 1615 1275 1694 gnte
1300 1615 1378 1682 Mss.
1404 1619 1459 1681 καὶ
1484 1621 1544 1685 τὸν

311 1701 461 1769 Ἀπόλλω
486 1703 546 1768 τὸν
569 1707 707 1768 Πύθιον
730 1703 943 1786 hinzufugen)‚
968 1703 1014 1766 sei
1039 1721 1072 1766 es
1097 1701 1170 1765 dass
1194 1721 1267 1765 man
1297 1702 1356 1766 den
1383 1703 1547 1786 Sprbchen

311 1794 366 1858 des
390 1793 514 1857 uralten
539 1792 669 1857 Oralrels
695 1812 731 1856 zu
756 1792 888 1857 Dodona
918 1792 951 1856 in
982 1791 1112 1873 Dpeiros
1142 1789 1191 1854 eiu
1216 1798 1375 1873 grosseres
1401 1793 1549 1864 Gewicht

311 1883 459 1966 beilegte,
484 1881 559 1946 oder
582 1881 654 1946 dass
679 1883 718 1950 D.
743 1881 793 1946 die
814 1881 974 1963 Berufung
998 1881 1053 1945 aui
1074 1879 1129 1944 das
1155 1879 1336 1962 delphische
1362 1887 1548 1968 vermeidet‚

311 1972 382 2036 weil
407 1992 439 2036 er
464 1972 543 2036 eben
566 1972 617 2035 bei
631 1971 726 2054 jenen
744 1972 861 2035 nuletzt
877 1970 1109 2054 geschilderten
1127 1969 1338 2052 lircignissen
1355 1972 1413 2036 wie
1429 1975 1547 2047 Aesch.

311 2063 409 2143 3,130
432 2060 614 2142 behauptct,
639 2061 694 2124 der
717 2060 833 2143 Pythia
857 2059 975 2125 Schuld
1004 2059 1160 2143 gegeben,
1194 2059 1239 2123 sie
1271 2061 1370 2142 spiele
1401 2062 1463 2128 mit
1488 2067 1547 2136 Ph.

310 2153 403 2216 unter
427 2150 513 2214 einer
538 2151 671 2219 Deche“.
718 2151 824 2214 Etiam
848 2149 925 2214 haec
948 2149 1103 2231 epistulae
1126 2149 1263 2213 locutio:
1295 2153 1355 2237 την
1379 2147 1404 2215 δ’
1431 2153 1550 2222 ἄδικον

310 2241 526 2328 βλασφημίαν
550 2239 592 2318 (οἱ
615 2237 704 2325 θεοὶ)
728 2240 774 2316 είς
796 2241 944 2326 κεραίην
968 2245 1014 2324 τῷ
1037 2239 1166 2324 λέγοντι
1189 2243 1349 2325 τρέπουσι
1373 2241 1403 2323 (ξ
1431 2243 1485 2321 10)
1513 2265 1550 2309 ex

312 2350 355 2398 or.
381 2330 418 2394 de
444 2349 505 2396 cor.
529 2329 601 2398 hab.
626 2329 753 2394 fluxisse
777 2329 857 2393 milri
882 2329 1015 2407 videtur,
1039 2327 1093 2392 ubi
1117 2327 1135 2410 ἓ
1159 2327 1225 2392 290
1247 2328 1381 2410 legitur:
1415 2336 1448 2395 τί
1473 2329 1546 2416 οὖν,

311 2415 336 2485 ὦ
362 2413 526 2507 κατάρατ’,
553 2417 624 2502 ἐμοὶ
649 2421 724 2505 περὶ
750 2422 880 2485 τούτων
903 2419 1042 2504 λοιδορεῖ
1065 2419 1119 2481 καὶ
1142 2417 1252 2502 λέγεις,
1279 2420 1299 2482 δ
1323 2420 1375 2482 σοί
1398 2422 1454 2485 καί
1479 2436 1552 2500 τοῖς

311 2521 381 2586 σοῖς
405 2509 435 2574 οἱ
458 2509 533 2573 θεοὶ
558 2513 718 2594 τρέψειαν
734 2508 780 2584 εἰς
795 2509 953 2595 κεφαλήν·
999 2506 1120 2571 Deinde
1138 2506 1313 2571 doctrinam
1329 2525 1420 2572 suam
1438 2513 1551 2577 osten-

309 2601 377 2663 tare
402 2599 510 2662 auctor
534 2597 649 2676 studet,
675 2597 775 2679 quod,
799 2601 834 2662 ut
856 2597 920 2661 iarn
945 2595 1275 2674 commemoravimuS,
1300 2599 1425 2679 praeter
1448 2601 1552 2667 Lace-

312 2688 480 2751 daemones
506 2689 537 2750 et
561 2687 681 2765 Medos,
707 2705 838 2767 quorum
862 2687 989 2752 fortuna
1011 2686 1098 2768 peior
1122 2686 1165 2750 sit
1181 2686 1426 2752 Atheniensium
1451 2695 1552 2772 sorte,

312 2777 408 2842 etiarn
432 2775 630 2858 Cappadoces
656 2778 687 2841 et
712 2775 806 2860 Syros
831 2777 939 2858 etqui
963 2775 1272 2855 Indiamhabitant,
1297 2782 1477 2856 enumerem
1504 2783 1554 2846 ita

312 2867 453 2932 cumulat
481 2866 608 2930 nomina
638 2867 842 2949 populorum,
874 2869 999 2949 praeter
1030 2885 1135 2930 eorum
1168 2867 1274 2929 autem
1305 2867 1433 2932 nomina
1464 2871 1554 2935 nihil

310 2956 415 3037 habet,
440 2956 522 3038 qnod
547 2956 671 3024 adiciat.
718 2956 882 3022 Accedunt
906 2956 1040 3037 denique
1056 2954 1199 3036 improba
1222 2955 1280 3018 illa
1300 2955 1449 3036 convicia,
1477 2961 1554 3040 qui·

310 3047 369 3111 bus
395 3047 503 3111 auctor
527 3046 771 3126 Theramenem,
796 3046 897 3110 virum
922 3045 1013 3110 nobis
1038 3045 1131 3126 plane
1155 3043 1316 3127 ignotum,
1341 3065 1436 3127 quam
1460 3067 1554 3113 acer-

311 3136 390 3200 rime
413 3136 594 3217 impugnat:
618 3138 678 3201 τὸν
701 3137 761 3223 γὰρ
784 3136 919 3221 θρασὺν
942 3135 1004 3216 μὲν
1027 3140 1073 3219 τῷ
1096 3138 1165 3219 βίῳ,
1190 3137 1234 3221 μη
1260 3135 1401 3222 πολίτην
1425 3137 1461 3201 δὲ
1488 3142 1555 3226 την

312 3227 425 3313 φύσιν,
452 3223 488 3290 ἓν
520 3224 719 3312 ἐργαστηρίῳ
751 3226 785 3290 δὲ
817 3229 1049 3310 τεθραμμένον
1081 3223 1115 3289 ἐκ
1147 3223 1265 3300 τταιδὸς
1288 3224 1318 3306 (ἓ
1346 3227 1374 3302 l)
1401 3263 1441 3272 -
1471 3233 1555 3314 τιέρὶ

314 3307 362 3380 ὧν
392 3315 438 3390 είς
471 3313 557 3397 ὑμᾶς
592 3325 745 3401 τταρσινεῑ
780 3317 813 3392 (ξ
838 3315 869 3391 2)
902 3351 943 3360 —-
968 3314 1102 3396 θρασὺν
1137 3314 1191 3376 καὶ
1226 3312 1343 3401 ἀναιδῆ
1378 3317 1433 3379 καὶ
1471 3317 1556 3384 οὐδὲ

312 3413 395 3470 νοῦν
427 3399 540 3485 ἔχονθ’
565 3404 753 3490 ι’ίνθρωιτον
784 3404 813 3486 (ἓ
838 3405 870 3480 4)
896 3439 937 3448 -
967 3402 1086 3489 ἐχθρὸς
1116 3407 1179 3485 μέν
1209 3401 1279 3468 ἐστι
1309 3415 1378 3480 τοῖς
1400 3416 1554 3490 γονεῦσι,

313 3494 410 3582 φίλος
433 3495 467 3558 δὲ
499 3498 679 3579 Παυσανίᾳ
714 3499 759 3578 τῷ
791 3497 923 3579 πόρνην·
960 3494 1014 3556 καὶ
1044 3495 1250 3578 θρασύνεται
1277 3494 1339 3575 μὲν
1370 3491 1415 3570 ὡς
1449 3495 1554 3584 ἀνὴρ,

312 3587 433 3666 πάσχει
463 3578 490 3648 δ
525 3581 570 3660 ὡς
601 3587 683 3669 pouq
716 3585 766 3647 cet
800 3583 830 3664 (ἕ
865 3584 927 3660 11).
975 3581 1062 3644 Num
1097 3581 1260 3646 credamus
1295 3583 1557 3650 Demosthenem

312 3676 421 3738 contra
441 3673 651 3737 -Theramenis
675 3673 788 3754 probra
811 3673 858 3736 ita
881 3691 915 3736 se
940 3671 1133 3750 defendisse,
1164 3673 1200 3735 ut
1223 3673 1273 3736 tot
1301 3674 1333 3736 et
1355 3674 1445 3738 tanta
1473 3695 1557 3740 con-

313 3763 393 3827 vicia
416 3763 485 3844 ipse
509 3763 542 3826 in
558 3781 638 3826 ,eum
663 3763 866 3845 congereret?
912 3761 962 3825 Ne
985 3760 1129 3824 Blassius
1154 3760 1281 3841 quidem
1303 3762 1403 3826 talem
1423 3764 1558 3846 epistu-

312 3851 378 3916 lam
402 3852 611 3916 Demostheni
636 3851 780 3916 addicere
805 3851 909 3918 audet.

421 3943 467 4006 De
491 3943 580 4006 sexta
604 3941 741 4022 epistula
763 3941 965 4023 paucissimis
991 3940 1119 4023 defungi
1144 3940 1237 4004 licet:
1269 3960 1329 4022 qua
1353 3942 1558 4010 Demosthe-

312 4051 368 4112 nes
401 4031 440 4096 ad
471 4033 617 4096 senatum
649 4031 862 4113 populumque
893 4031 1137 4094 Atheniensium
1169 4029 1280 4094 scribit
1315 4049 1348 4096 sc
1382 4031 1559 4098 hominem

313 4121 460 4202 aliquem,
486 4121 538 4204 qui
561 4140 684 4204 pugnae
707 4119 895 4198 interfuerit,
919 4120 1055 4198 mittere,
1080 4120 1115 4183 ut
1138 4119 1259 4184 civibus
1284 4139 1336 4200 ea,
1369 4140 1449 4202 quae
1477 4143 1559 4188 eve-

313 4209 452 4290 nissent,
484 4211 645 4275 nuntiaret
677 4229 847 4291 eorumque
880 4209 1000 4274 animos
1026 4209 1159 4276 sedaret.
1206 4208 1278 4274 Non
1307 4211 1497 4291 errabimus„
1528 4215 1559 4278 si

313 4318 453 4385 pugnam
477 4301 559 4384 apud
577 4300 773 4366 Crannonem
798 4299 1009 4377 commissam,
1034 4299 1067 4362 in
1092 4317 1152 4379 qua
1167 4298 1343 4380 Antipater,
1370 4301 1423 4382 qui
1449 4303 1561 4368 etiam

312 4391 346 4455 in
364 4390 500 4474 epistula
516 4391 788 4471 commemoratur,
806 4389 932 4470 vicerat,
953 4387 1199 4471 intellegendam
1217 4407 1285 4453 esse
1302 4390 1559 4472 suspicabimur.
