3288 5070
680 343 840 441 -m-

148 540 370 620 concedemus,
403 560 474 606 cum
503 560 521 604 a
543 541 758 606 Demosthene
782 538 951 605 admodum
974 539 1085 604 iuvene
1110 542 1285 624 composita
1309 561 1378 606 esse

145 630 293 714 fingatur.
339 631 430 695 Hanc
461 631 636 712 sequuntur
664 631 812 712 quattuor
836 630 955 712 primae
980 629 1151 712 epistulae,
1184 650 1263 712 quac
1287 633 1323 695 ut
1345 631 1378 696 in

146 721 256 786 exsilio
287 721 423 804 scriptae
455 720 554 786 artius
586 720 670 784 inter
702 739 735 784 se
767 720 943 784 cohaerent.
989 719 1138 784 Extrema
1162 719 1285 785 videtur
1309 740 1378 786 esse

145 813 234 875 sexta
265 810 402 893 epistula
434 809 553 893 scripta
583 811 657 892 post
679 819 823 893 'pugnam
848 808 931 892 apud
955 807 1151 873 Crannonem
1175 811 1378 876 commissam

144 899 359 964 Demosthene
383 900 447 964 iam
470 900 504 964 in
527 898 663 981 patriam
687 899 846 967 restituto.
895 895 957 963 Sed
980 897 1163 981 priusquam
1187 899 1219 963 in
1237 899 1378 966 ordinem

145 990 294 1070 quattuor
330 988 539 1072 epistularum
573 987 749 1053 accuratius
785 987 942 1070 inquirere
978 1006 1142 1068 conemur,
1181 988 1232 1053 hic
1268 991 1378 1054 statim

144 1097 245 1161 pauca
269 1078 307 1142 de
332 1077 858 1161 11111111111111111111111111
882 1077 987 1145 liceat.

251 1169 298 1232 Ao
322 1169 440 1232 nostris
465 1167 592 1250 quidem
615 1167 811 1250 temporibus
836 1167 886 1231 vix
911 1185 1099 1248 quemquam
1121 1185 1189 1232 csse
1206 1167 1307 1246 crede,
1324 1168 1379 1250 qui

145 1275 214 1322 eam
239 1257 278 1321 ad
294 1256 559 1322 Heracleodorum
582 1257 746 1340 quendam,
763 1256 922 1322 hominem
941 1256 1031 1320 nobis
1048 1255 1202 1339 ignotum,
1219 1256 1257 1320 de
1274 1257 1377 1322 salute

144 1345 276 1430 Dpitimi
300 1346 464 1412 cuiusdam
481 1347 613 1412 missam
633 1366 704 1411 vere
724 1345 934 1411 Demostheni
957 1345 1190 1411 attribuendam
1215 1365 1285 1411 esse
1309 1347 1377 1430 opi-

144 1438 253 1500 netur:
289 1437 336 1501 111
370 1437 539 1502 manifesta
569 1455 619 1501 res
652 1437 709 1504 est.
764 1436 870 1501 Facile
902 1434 986 1500 enim
1018 1436 1068 1499 est
1098 1435 1264 1500 intellectu
1297 1435 1377 1502 hanc

145 1525 316 1608 epistulam
341 1526 379 1591 ab
405 1527 538 1592 oratoris
562 1525 650 1590 illius
676 1525 791 1590 summi
815 1525 942 1608 ingenio
966 1524 1060 1607 longe
1078 1524 1206 1593 distare.
1254 1523 1378 1608 Scripta

145 1633 231 1693 esse,
261 1616 298 1679 ut
328 1615 393 1680 iam
425 1614 578 1694 diximus,
611 1615 748 1698 epistula
774 1615 905 1698 fingitur
929 1633 947 1679 a
969 1614 1183 1678 Demosthene
1208 1613 1378 1679 admodum

144 1704 265 1771 iuvene.
313 1703 438 1768 Dicitur
469 1703 553 1768 enim
582 1704 662 1787 §52
698 1705 840 1790 λόγισαι,
873 1705 924 1769 ὅτι
946 1705 1000 1768 καὶ
1024 1706 1066 1768 σύ
1090 1698 1163 1768 ποτ’
1189 1699 1280 1790 ἦσθα
1304 1709 1379 1782 νέος

144 1794 199 1858 καὶ
222 1796 282 1880 τὴν
305 1793 434 1881 ἡλικίαν
457 1789 547 1876 εἶχες,
572 1797 614 1881 ἣν
630 1793 721 1881 ἡμεῖς
735 1803 807 1876 νῦν,
825 1792 1028 1874 additurque:
1053 1791 1087 1858 ἐκ
1104 1792 1138 1858 δὲ
1155 1801 1214 1858 τοῦ
1231 1798 1377 1878 συμβου-

144 1883 252 1948 λεύειν
274 1884 327 1948 καὶ
345 1887 504 1970 πράττειν
520 1888 690 1970 γεγένησαι
713 1883 910 1970 τηλικοῦτος.
936 1882 998 1948 κᾶν
1014 1882 1092 1969 ἡμῖν
1108 1890 1206 1947 codro
1223 1887 1375 1970 συμβαίη.

144 1969 362 2054 Comperimus
392 1971 490 2055 igitur
514 1991 549 2036 ex
573 1972 622 2036 his
648 1973 895 2038 Demosthenem
918 1972 975 2037 illo
999 1973 1141 2055 tempore
1164 1971 1303 2036 nondum
1326 1991 1376 2036 res

143 2060 286 2144 publices
311 2060 560 2142 administrasse,
584 2061 699 2126 nedum
724 2061 844 2126 clarum
867 2061 975 2130 fuisse.
1021 2061 1120 2143 Atqui
1144 2061 1272 2126 adrem
1297 2062 1376 2145 pub-

142 2149 237 2215 licam
262 2169 332 2215 eum
358 2150 530 2216 accessisse
554 2151 706 2230 constatl)
731 2152 846 2234 olymp.
866 2153 961 2231 106,3
987 2151 1205 2228 (11113541.
1225 2149 1296 2220 Chr.
1321 2150 1375 2237 n).

142 2239 304 2304 Habemus
340 2239 439 2324 igitur
469 2242 589 2306 certum
620 2242 773 2325 temporis
797 2241 985 2321 terminum,
1019 2242 1092 2306 ante
1122 2259 1213 2322 quem
1239 2241 1377 2323 epistula

144 2330 262 2412 scripta
286 2349 355 2395 esse
379 2329 519 2414 fingitur.
565 2330 609 2396 At
633 2330 869 2396 considerantes
894 2349 1020 2395 omnem
1044 2329 1216 2409 rationem,
1241 2349 1302 2411 qua
1325 2349 1375 2394 res

145 2437 223 2501 quac
260 2419 399 2502 poscitur
433 2421 604 2499 tractatur,
644 2420 814 2504 epistulam
850 2420 1019 2504 genuinam
1054 2438 1116 2483 non
1152 2437 1221 2483 esse
1264 2419 1341 2484 stati

145 2526 380 2591 cognoscemus.
427 2509 515 2574 Dicit
539 2509 623 2575 enim
646 2510 876 2576 Demosthenes
902 2529 935 2575 se
966 2509 999 2574 id
1030 2507 1155 2574 credere
1186 2527 1247 2572 non
1271 2527 1374 2591 posse,

143 2598 225 2681 quod
249 2599 311 2664 sibi
335 2618 353 2664 a
376 2600 555 2665 Menecrate
585 2599 764 2665 nuntiatum
790 2599 842 2678 sit,
866 2600 1041 2684 Dpitimum
1066 2598 1105 2663 ab
1128 2597 1227 2663 Arato
1251 2598 1284 2662 in
1308 2617 1374 2665 oar·

143 2706 245 2753 cerem
281 2688 457 2754 coniectum
494 2708 564 2754 esse
599 2691 632 2754 11
661 2689 928 2754 Heracleodorum
963 2690 1069 2773 ipsum
1104 2707 1226 2770 qnoque
1265 2689 1375 2753 contra

141 2777 319 2861 Epitimnm
343 2796 444 2860 agere.
492 2776 554 2844 Sed
578 2797 614 2843 ex
637 2780 785 2861 quattuar
799 2779 850 2843 his
874 2779 1055 2844 hominibus
1080 2797 1118 2842 11
1142 2796 1223 2842 nnus
1248 2777 1375 2860 quidem

142 2867 234 2932 nobis
258 2868 352 2931 notus
377 2869 439 2946 111,
464 2886 503 2931 11
525 2866 775 2932 Heracleodorus
800 2868 943 2949 quidem,
976 2868 1029 2949 qui
1059 2866 1254 2948 paragrapho
1279 2867 1375 2931 tertia

141 2973 292 3039 magnam
324 2955 458 3038 gloriam
490 2955 623 3038 adeptus
656 2975 725 3022 esse
757 2956 881 3025 dicitur.
928 2956 1038 3038 Neque
1072 2956 1206 3037 Dpitimi
1238 2955 1374 3020 salutem

142 3047 252 3110 auctor
267 3044 424 3127 imprimis
448 3047 554 3121 curat;
580 3045 636 3112 sed
658 3065 713 3129 per
728 3046 835 3110 lovem
860 3048 892 3112 et
915 3045 994 3112 11111
1013 3045 1086 3110 deos
1108 3044 1375 3110 Heracleodorum

142 3135 296 3214 obsecrat,
320 3153 359 3200 ne
384 3134 459 3216 quid
482 3135 587 3216 faciat,
612 3155 672 3218 quo
694 3135 833 3217 sibiipsi
849 3135 1049 3201 incommoda
1065 3134 1243 3204 afferantur.
1290 3133 1374 3199 Nam

140 3227 265 3308 praeter
281 3224 413 3307 Dpitimi
437 3225 572 3290 salutem
596 3225 732 3291 marimo
749 3244 806 3290 sua
821 3225 984 3304 interesse,
1001 3244 1040 3290 ne
1055 3223 1186 3289 laudum
1207 3242 1240 3289 se
1257 3223 1375 3306 pudeat

142 3314 256 3397 quibus
286 3313 354 3396 ipse
385 3315 651 3381 Heracleodorum
683 3316 831 3384 affecerit.
878 3316 928 3382 Ad
958 3315 1134 3398 Dpitimum
1166 3315 1275 3379 auctor
1311 3331 1374 3378 111

141 3403 225 3468 redit
247 3404 309 3468 nisi
329 3404 452 3470 ultimis
476 3404 630 3488 epistulae
646 3406 758 3473 verbis.
802 3405 899 3470 Plura
923 3407 1027 3472 autem
1052 3404 1198 3468 dicuntur
1219 3403 1257 3468 de
1272 3402 1374 3486 gloria

143 3494 174 3558 et
205 3493 397 3575 emditione,
423 3514 517 3578 quam
540 3494 791 3560 Heracleodorus
815 3495 960 3560 Platonis
984 3493 1186 3560 institutione
1209 3511 1286 3558 usus
1311 3492 1373 3558 sibi

142 3584 384 3666 comparaverit,
415 3584 612 3668 maximeque
647 3584 685 3650 de
716 3583 810 3650 laude
833 3585 1052 3668 philosophiae
1082 3582 1283 3662 Platonicae,
1313 3601 1374 3664 qua

141 3673 231 3738 nulla
260 3673 304 3738 sit
333 3674 555 3756 praestantior.
601 3675 679 3740 Post
709 3674 787 3740 haec
818 3674 1005 3740 admonetur
1035 3671 1303 3751 Heracleodorus,
1334 3689 1373 3736 11

141 3763 217 3846 quid
252 3763 448 3844 committat,
481 3782 541 3846 quo
577 3765 685 3830 auctor
720 3763 925 3844 sententiam,
961 3783 1054 3847 quam
1090 3762 1128 3827 dc
1159 3761 1216 3826 illo
1247 3760 1372 3840 habeat,

139 3855 263 3918 mutare
295 3853 425 3936 cogatur
455 3872 533 3919 neue
564 3853 620 3918 ille
652 3855 828 3934 auctorem,
864 3855 938 3937 quia
969 3853 1138 3918 admodum
1168 3851 1292 3916 iuuenis
1320 3849 1373 3932 sit,

140 3943 332 4012 contemnat.
378 3943 522 4026 Denique
545 3945 691 4028 precatur
714 3945 823 4009 auctor
845 3944 970 4025 iterum,
993 3944 1030 4008 ut
1045 3941 1204 4026 Dpitimus
1221 3941 1371 4010 servetur.

141 4124 353 4132 -—-.-——..——

250 4228 274 4297 1)
294 4226 333 4283 cf.
353 4228 463 4283 Diodor.
485 4231 525 4297 16,
545 4231 594 4292 113ς
621 4245 734 4298 quocum
761 4245 898 4298 compares
924 4245 960 4284 or.
985 4230 1061 4283 Dem.
1082 4228 1115 4282 de
1134 4243 1187 4282 cor.
1206 4227 1268 4282 hab.
1288 4226 1303 4296 ξ
1325 4229 1371 4280 18:

140 4316 189 4371 τοῦ
214 4314 269 4392 γὰρ
296 4319 419 4373 Φωκικοῖ
438 4315 588 4378 συστάντος
614 4319 733 4389 πολέμου
758 4313 842 4373 111δί
864 4315 1055 4392 ἐμὲ-οὐγὰρ
1075 4315 1153 4389 ἔγωγ’
1174 4311 1372 4386 ἐπολιτευόμην

139 4426 259 4465 nancte.
