<?xml version="1.0" encoding="UTF-8"?>
<!DOCTYPE html PUBLIC "-//W3C//DTD XHTML 1.0 Transitional//EN"
    "http://www.w3.org/TR/xhtml1/DTD/xhtml1-transitional.dtd">
<html xmlns="http://www.w3.org/1999/xhtml" xml:lang="en" lang="en">
 <head>
  <title>
</title>
<meta http-equiv="Content-Type" content="text/html;charset=utf-8" />
  <meta name='ocr-system' content='tesseract 3.04.00' />
  <meta name='ocr-capabilities' content='ocr_page ocr_carea ocr_par ocr_line ocrx_word'/>
</head>
<body>
  <div class='ocr_page' id='page_1' title='image "./dedemosthenicar00neupgoog_0042.png"; bbox 0 0 3288 5070; ppageno 0'>
   <div class='ocr_carea' id='block_1_1' title="bbox 668 409 827 509">
    <p class='ocr_par' dir='ltr' id='par_1_1' title="bbox 668 409 827 509">
     <span class='ocr_line' id='line_1_1' title="bbox 668 409 827 509; baseline 0 -35"><span class='ocrx_word' id='word_1_1' title='bbox 668 409 827 509; x_wconf 55' lang='lat' dir='ltr'><strong>—ax—</strong></span> 
     </span>
    </p>
   </div>
   <div class='ocr_carea' id='block_1_2' title="bbox 132 603 1363 783">
    <p class='ocr_par' dir='ltr' id='par_1_2' title="bbox 132 603 1363 783">
     <span class='ocr_line' id='line_1_2' title="bbox 132 603 1363 694; baseline 0.002 -24"><span class='ocrx_word' id='word_1_2' title='bbox 132 617 202 671; x_wconf 87' lang='grc' dir='ltr'><em>κεῖν</em></span> <span class='ocrx_word' id='word_1_3' title='bbox 226 610 340 690; x_wconf 82' lang='grc' dir='ltr'><em>μεῖζον</em></span> <span class='ocrx_word' id='word_1_4' title='bbox 364 604 489 686; x_wconf 76' lang='grc' dir='ltr'><em>ἰσχύειν</em></span> <span class='ocrx_word' id='word_1_5' title='bbox 513 603 592 693; x_wconf 72' lang='grc' dir='ltr'><strong>παρ’</strong></span> <span class='ocrx_word' id='word_1_6' title='bbox 617 606 696 690; x_wconf 80' lang='grc' dir='ltr'><em>ὑμῖν</em></span> <span class='ocrx_word' id='word_1_7' title='bbox 719 609 738 694; x_wconf 75' lang='lat' dir='ltr'><strong>ly</strong></span> <span class='ocrx_word' id='word_1_8' title='bbox 761 609 820 684; x_wconf 84' lang='grc' dir='ltr'><strong>τὰς</strong></span> <span class='ocrx_word' id='word_1_9' title='bbox 843 615 910 674; x_wconf 83' lang='grc' dir='ltr'><strong>τῶν</strong></span> <span class='ocrx_word' id='word_1_10' title='bbox 926 607 1119 694; x_wconf 77' lang='grc' dir='ltr'><em>εὐεργεσιῶν</em></span> <span class='ocrx_word' id='word_1_11' title='bbox 1141 612 1283 694; x_wconf 79' lang='grc' dir='ltr'><em>χάριτας,</em></span> <span class='ocrx_word' id='word_1_12' title='bbox 1308 610 1363 673; x_wconf 86' lang='grc' dir='ltr'><strong>καὶ</strong></span> 
     </span>
     <span class='ocr_line' id='line_1_3' title="bbox 133 695 1362 783; baseline 0.003 -25"><span class='ocrx_word' id='word_1_13' title='bbox 133 703 238 759; x_wconf 78' lang='grc' dir='ltr'><strong><em>ταῦτα</em></strong></span> <span class='ocrx_word' id='word_1_14' title='bbox 266 703 326 759; x_wconf 76' lang='grc' dir='ltr'><strong>τοῦ</strong></span> <span class='ocrx_word' id='word_1_15' title='bbox 356 695 418 778; x_wconf 81' lang='grc' dir='ltr'><strong>μὲν</strong></span> <span class='ocrx_word' id='word_1_16' title='bbox 441 701 627 783; x_wconf 71' lang='grc' dir='ltr'><strong><em>νοσήματος</em></strong></span> <span class='ocrx_word' id='word_1_17' title='bbox 651 697 760 778; x_wconf 80' lang='grc' dir='ltr'><em>ὄντος,</em></span> <span class='ocrx_word' id='word_1_18' title='bbox 795 706 862 762; x_wconf 77' lang='grc' dir='ltr'><strong>τῶν</strong></span> <span class='ocrx_word' id='word_1_19' title='bbox 886 698 920 762; x_wconf 79' lang='grc' dir='ltr'><strong>δὲ</strong></span> <span class='ocrx_word' id='word_1_20' title='bbox 944 697 1007 782; x_wconf 77' lang='grc' dir='ltr'><strong>(ἐν)</strong></span> <span class='ocrx_word' id='word_1_21' title='bbox 1032 710 1100 775; x_wconf 80' lang='grc' dir='ltr'><strong><em>τοῖς</em></strong></span> <span class='ocrx_word' id='word_1_22' title='bbox 1122 704 1217 775; x_wconf 74' lang='grc' dir='ltr'><strong><em>θεοῖς</em></strong></span> <span class='ocrx_word' id='word_1_23' title='bbox 1240 697 1362 764; x_wconf 78' lang='grc' dir='ltr'><em>ἀποδε-</em></span> 
     </span>
    </p>
   </div>
   <div class='ocr_carea' id='block_1_3' title="bbox 133 783 459 870">
    <p class='ocr_par' dir='ltr' id='par_1_3' title="bbox 133 783 459 870">
     <span class='ocr_line' id='line_1_4' title="bbox 133 783 459 870; baseline 0.009 -21"><span class='ocrx_word' id='word_1_24' title='bbox 133 783 312 870; x_wconf 77' lang='grc' dir='ltr'><em>δειγμένων</em></span> <span class='ocrx_word' id='word_1_25' title='bbox 336 783 368 867; x_wconf 65' lang='grc' dir='ltr'><strong>(ἓ</strong></span> <span class='ocrx_word' id='word_1_26' title='bbox 393 784 459 868; x_wconf 77' lang='grc'><strong>28).</strong></span> 
     </span>
    </p>
   </div>
   <div class='ocr_carea' id='block_1_4' title="bbox 131 891 1364 1518">
    <p class='ocr_par' dir='ltr' id='par_1_4' title="bbox 131 891 1364 1518">
     <span class='ocr_line' id='line_1_5' title="bbox 240 891 1362 979; baseline 0.005 -25"><span class='ocrx_word' id='word_1_27' title='bbox 240 891 309 956; x_wconf 88' lang='lat' dir='ltr'><strong>Iam</strong></span> <span class='ocrx_word' id='word_1_28' title='bbox 338 893 499 974; x_wconf 89' lang='lat' dir='ltr'><strong>praestare</strong></span> <span class='ocrx_word' id='word_1_29' title='bbox 531 893 690 957; x_wconf 81' lang='lat' dir='ltr'>externam</span> <span class='ocrx_word' id='word_1_30' title='bbox 723 893 895 958; x_wconf 73' lang='lat' dir='ltr'><strong>amicitiam</strong></span> <span class='ocrx_word' id='word_1_31' title='bbox 927 913 1074 975; x_wconf 88' lang='lat' dir='ltr'><strong>quaerere</strong></span> <span class='ocrx_word' id='word_1_32' title='bbox 1103 895 1199 959; x_wconf 89' lang='lat' dir='ltr'><strong>etiarn</strong></span> <span class='ocrx_word' id='word_1_33' title='bbox 1223 895 1362 979; x_wconf 89' lang='lat' dir='ltr'><strong>Pytheae</strong></span> 
     </span>
     <span class='ocr_line' id='line_1_6' title="bbox 134 981 1363 1068; baseline 0.002 -22"><span class='ocrx_word' id='word_1_34' title='bbox 134 981 275 1063; x_wconf 90' lang='lat' dir='ltr'><strong>exemplo</strong></span> <span class='ocrx_word' id='word_1_35' title='bbox 300 981 464 1063; x_wconf 83' lang='lat' dir='ltr'><strong>exponitur</strong></span> <span class='ocrx_word' id='word_1_36' title='bbox 488 982 519 1065; x_wconf 66' lang='grc' dir='ltr'><strong>(ξ</strong></span> <span class='ocrx_word' id='word_1_37' title='bbox 544 983 585 1047; x_wconf 82' lang='grc'><strong>29</strong></span> <span class='ocrx_word' id='word_1_38' title='bbox 611 983 700 1066; x_wconf 87' lang='lat' dir='ltr'><strong>seq.).</strong></span> <span class='ocrx_word' id='word_1_39' title='bbox 747 984 830 1048; x_wconf 92' lang='lat' dir='ltr'><strong>Huic</strong></span> <span class='ocrx_word' id='word_1_40' title='bbox 854 984 920 1048; x_wconf 89' lang='lat' dir='ltr'><strong>viro</strong></span> <span class='ocrx_word' id='word_1_41' title='bbox 945 983 1043 1048; x_wconf 87' lang='lat' dir='ltr'><strong>aliurn</strong></span> <span class='ocrx_word' id='word_1_42' title='bbox 1068 985 1183 1066; x_wconf 90' lang='lat' dir='ltr'><strong>opponi</strong></span> <span class='ocrx_word' id='word_1_43' title='bbox 1207 1004 1284 1068; x_wconf 90' lang='lat' dir='ltr'><strong>opus</strong></span> <span class='ocrx_word' id='word_1_44' title='bbox 1301 1004 1363 1050; x_wconf 87' lang='lat' dir='ltr'><strong>non</strong></span> 
     </span>
     <span class='ocr_line' id='line_1_7' title="bbox 134 1071 1363 1157; baseline 0.002 -22"><span class='ocrx_word' id='word_1_45' title='bbox 134 1072 191 1149; x_wconf 89' lang='lat' dir='ltr'><strong>est,</strong></span> <span class='ocrx_word' id='word_1_46' title='bbox 216 1090 286 1136; x_wconf 92' lang='lat' dir='ltr'><strong>oum</strong></span> <span class='ocrx_word' id='word_1_47' title='bbox 311 1071 380 1153; x_wconf 89' lang='lat' dir='ltr'><strong>ipse</strong></span> <span class='ocrx_word' id='word_1_48' title='bbox 405 1071 633 1153; x_wconf 91' lang='lat' dir='ltr'><strong>quodammodo</strong></span> <span class='ocrx_word' id='word_1_49' title='bbox 658 1073 814 1138; x_wconf 90' lang='lat' dir='ltr'><strong>contraria</strong></span> <span class='ocrx_word' id='word_1_50' title='bbox 836 1072 870 1137; x_wconf 95' lang='lat' dir='ltr'><strong>in</strong></span> <span class='ocrx_word' id='word_1_51' title='bbox 895 1092 928 1138; x_wconf 91' lang='lat' dir='ltr'><strong>se</strong></span> <span class='ocrx_word' id='word_1_52' title='bbox 952 1074 1120 1152; x_wconf 85' lang='lat' dir='ltr'><strong>contineat,</strong></span> <span class='ocrx_word' id='word_1_53' title='bbox 1145 1076 1237 1139; x_wconf 91' lang='lat' dir='ltr'><strong>antea</strong></span> <span class='ocrx_word' id='word_1_54' title='bbox 1253 1073 1363 1157; x_wconf 90' lang='lat' dir='ltr'><strong>populi</strong></span> 
     </span>
     <span class='ocr_line' id='line_1_8' title="bbox 133 1161 1363 1246; baseline 0.004 -23"><span class='ocrx_word' id='word_1_55' title='bbox 133 1162 254 1243; x_wconf 88' lang='lat' dir='ltr'><strong>partem</strong></span> <span class='ocrx_word' id='word_1_56' title='bbox 287 1163 430 1239; x_wconf 88' lang='lat' dir='ltr'><strong>secutus,</strong></span> <span class='ocrx_word' id='word_1_57' title='bbox 465 1163 534 1226; x_wconf 91' lang='lat' dir='ltr'><strong>tum</strong></span> <span class='ocrx_word' id='word_1_58' title='bbox 565 1161 632 1226; x_wconf 93' lang='lat' dir='ltr'><strong>eius</strong></span> <span class='ocrx_word' id='word_1_59' title='bbox 663 1161 800 1227; x_wconf 89' lang='lat' dir='ltr'><strong>inimicis</strong></span> <span class='ocrx_word' id='word_1_60' title='bbox 832 1163 967 1231; x_wconf 90' lang='lat' dir='ltr'><strong>deditus.</strong></span> <span class='ocrx_word' id='word_1_61' title='bbox 1023 1163 1157 1228; x_wconf 86' lang='lat' dir='ltr'><strong>Uberius</strong></span> <span class='ocrx_word' id='word_1_62' title='bbox 1190 1163 1363 1246; x_wconf 78' lang='lat' dir='ltr'><strong>explicatur</strong></span> 
     </span>
     <span class='ocr_line' id='line_1_9' title="bbox 133 1249 1364 1335; baseline 0.002 -21"><span class='ocrx_word' id='word_1_63' title='bbox 133 1249 288 1333; x_wconf 83' lang='lat' dir='ltr'><strong>Pythoum</strong></span> <span class='ocrx_word' id='word_1_64' title='bbox 311 1269 479 1333; x_wconf 85' lang='lat' dir='ltr'><strong>pauperem</strong></span> <span class='ocrx_word' id='word_1_65' title='bbox 503 1250 610 1330; x_wconf 82' lang='lat' dir='ltr'><strong>fnisse,</strong></span> <span class='ocrx_word' id='word_1_66' title='bbox 635 1253 759 1316; x_wconf 87' lang='lat' dir='ltr'><strong>mutata</strong></span> <span class='ocrx_word' id='word_1_67' title='bbox 775 1271 846 1317; x_wconf 84' lang='lat' dir='ltr'><strong>vero</strong></span> <span class='ocrx_word' id='word_1_68' title='bbox 864 1253 1022 1317; x_wconf 90' lang='lat' dir='ltr'><strong>sententia</strong></span> <span class='ocrx_word' id='word_1_69' title='bbox 1037 1253 1227 1335; x_wconf 76' lang='lat' dir='ltr'><strong>locupletem</strong></span> <span class='ocrx_word' id='word_1_70' title='bbox 1244 1253 1364 1318; x_wconf 87' lang='lat' dir='ltr'><strong>facturn</strong></span> 
     </span>
     <span class='ocr_line' id='line_1_10' title="bbox 133 1340 1362 1425; baseline 0.002 -22"><span class='ocrx_word' id='word_1_71' title='bbox 133 1358 203 1404; x_wconf 89' lang='lat' dir='ltr'><strong>esse</strong></span> <span class='ocrx_word' id='word_1_72' title='bbox 236 1341 268 1405; x_wconf 89' lang='lat' dir='ltr'><strong>et</strong></span> <span class='ocrx_word' id='word_1_73' title='bbox 299 1340 376 1404; x_wconf 92' lang='lat' dir='ltr'><strong>duas</strong></span> <span class='ocrx_word' id='word_1_74' title='bbox 400 1341 580 1405; x_wconf 86' lang='lat' dir='ltr'><strong>meretrices</strong></span> <span class='ocrx_word' id='word_1_75' title='bbox 613 1341 695 1406; x_wconf 89' lang='lat' dir='ltr'><strong>alere</strong></span> <span class='ocrx_word' id='word_1_76' title='bbox 719 1341 878 1424; x_wconf 88' lang='lat' dir='ltr'><strong>potuisse,</strong></span> <span class='ocrx_word' id='word_1_77' title='bbox 911 1361 1006 1424; x_wconf 91' lang='lat' dir='ltr'><strong>quae,</strong></span> <span class='ocrx_word' id='word_1_78' title='bbox 1038 1344 1074 1406; x_wconf 91' lang='lat' dir='ltr'><strong>ut</strong></span> <span class='ocrx_word' id='word_1_79' title='bbox 1105 1344 1213 1406; x_wconf 85' lang='lat' dir='ltr'><strong>auctor</strong></span> <span class='ocrx_word' id='word_1_80' title='bbox 1236 1342 1362 1425; x_wconf 85' lang='lat' dir='ltr'><strong>gaudet,</strong></span> 
     </span>
     <span class='ocr_line' id='line_1_11' title="bbox 131 1430 1262 1518; baseline 0.004 -25"><span class='ocrx_word' id='word_1_81' title='bbox 131 1434 226 1516; x_wconf 82' lang='grc' dir='ltr'><em>μέχρι</em></span> <span class='ocrx_word' id='word_1_82' title='bbox 252 1433 364 1516; x_wconf 75' lang='grc' dir='ltr'><strong><em>φθόης</em></strong></span> <span class='ocrx_word' id='word_1_83' title='bbox 386 1431 493 1507; x_wconf 82' lang='grc' dir='ltr'><strong><em>καλῶς</em></strong></span> <span class='ocrx_word' id='word_1_84' title='bbox 517 1439 674 1496; x_wconf 82' lang='grc' dir='ltr'><strong><em>ποιοῦσαι</em></strong></span> <span class='ocrx_word' id='word_1_85' title='bbox 698 1435 989 1518; x_wconf 75' lang='grc' dir='ltr'><em>προπειιόμφασιν</em></span> <span class='ocrx_word' id='word_1_86' title='bbox 1012 1430 1115 1497; x_wconf 80' lang='grc' dir='ltr'><em>αὐτόν</em></span> <span class='ocrx_word' id='word_1_87' title='bbox 1139 1431 1170 1514; x_wconf 64' lang='grc' dir='ltr'><strong>(ἓ</strong></span> <span class='ocrx_word' id='word_1_88' title='bbox 1195 1431 1262 1514; x_wconf 87' lang='grc'>30).</span> 
     </span>
    </p>
   </div>
   <div class='ocr_carea' id='block_1_5' title="bbox 129 1536 1450 4502">
    <p class='ocr_par' dir='ltr' id='par_1_5' title="bbox 130 1536 1366 2519">
     <span class='ocr_line' id='line_1_12' title="bbox 207 1536 1363 1620; baseline 0.001 -20"><span class='ocrx_word' id='word_1_89' title='bbox 207 1606 214 1611; x_wconf 60' lang='grc'><em>,</em></span> <span class='ocrx_word' id='word_1_90' title='bbox 241 1537 287 1600; x_wconf 89' lang='lat' dir='ltr'><strong>De</strong></span> <span class='ocrx_word' id='word_1_91' title='bbox 320 1536 394 1600; x_wconf 87' lang='lat' dir='ltr'><strong>viris</strong></span> <span class='ocrx_word' id='word_1_92' title='bbox 419 1537 496 1602; x_wconf 85' lang='lat' dir='ltr'><strong>bene</strong></span> <span class='ocrx_word' id='word_1_93' title='bbox 522 1537 559 1601; x_wconf 93' lang='lat' dir='ltr'><strong>de</strong></span> <span class='ocrx_word' id='word_1_94' title='bbox 583 1538 659 1602; x_wconf 91' lang='lat' dir='ltr'><strong>urbe</strong></span> <span class='ocrx_word' id='word_1_95' title='bbox 683 1538 822 1617; x_wconf 88' lang='lat' dir='ltr'><strong>meritis,</strong></span> <span class='ocrx_word' id='word_1_96' title='bbox 855 1538 907 1620; x_wconf 91' lang='lat' dir='ltr'><strong>qui</strong></span> <span class='ocrx_word' id='word_1_97' title='bbox 933 1538 1044 1602; x_wconf 91' lang='lat' dir='ltr'><strong>deinde</strong></span> <span class='ocrx_word' id='word_1_98' title='bbox 1069 1540 1363 1617; x_wconf 83' lang='lat' dir='ltr'><strong>commemorantur,</strong></span> 
     </span>
     <span class='ocr_line' id='line_1_13' title="bbox 132 1625 1363 1708; baseline 0 -18"><span class='ocrx_word' id='word_1_99' title='bbox 132 1645 228 1708; x_wconf 92' lang='lat' dir='ltr'><strong>supra</strong></span> <span class='ocrx_word' id='word_1_100' title='bbox 252 1625 372 1690; x_wconf 90' lang='lat' dir='ltr'><strong>dictum</strong></span> <span class='ocrx_word' id='word_1_101' title='bbox 395 1628 453 1694; x_wconf 88' lang='lat' dir='ltr'><strong>est.</strong></span> <span class='ocrx_word' id='word_1_102' title='bbox 501 1627 608 1691; x_wconf 84' lang='lat' dir='ltr'><strong>Etiam</strong></span> <span class='ocrx_word' id='word_1_103' title='bbox 630 1627 698 1706; x_wconf 90' lang='lat' dir='ltr'><strong>hio,</strong></span> <span class='ocrx_word' id='word_1_104' title='bbox 730 1629 766 1690; x_wconf 88' lang='lat' dir='ltr'><strong>ut</strong></span> <span class='ocrx_word' id='word_1_105' title='bbox 790 1630 897 1692; x_wconf 88' lang='lat' dir='ltr'><strong>auctor</strong></span> <span class='ocrx_word' id='word_1_106' title='bbox 921 1627 1141 1692; x_wconf 88' lang='lat' dir='ltr'><strong>distinctiones</strong></span> <span class='ocrx_word' id='word_1_107' title='bbox 1166 1628 1306 1706; x_wconf 90' lang='lat' dir='ltr'><strong>adamat,</strong></span> <span class='ocrx_word' id='word_1_108' title='bbox 1330 1627 1363 1707; x_wconf 89' lang='lat' dir='ltr'><strong>ii,</strong></span> 
     </span>
     <span class='ocr_line' id='line_1_14' title="bbox 133 1715 1364 1802; baseline 0.002 -24"><span class='ocrx_word' id='word_1_109' title='bbox 133 1733 212 1797; x_wconf 89' lang='lat' dir='ltr'><strong>quos</strong></span> <span class='ocrx_word' id='word_1_110' title='bbox 236 1734 320 1779; x_wconf 90' lang='lat' dir='ltr'><strong>mors</strong></span> <span class='ocrx_word' id='word_1_111' title='bbox 344 1715 414 1779; x_wconf 92' lang='lat' dir='ltr'><strong>urbi</strong></span> <span class='ocrx_word' id='word_1_112' title='bbox 439 1716 570 1796; x_wconf 90' lang='lat' dir='ltr'><strong>eripuit,</strong></span> <span class='ocrx_word' id='word_1_113' title='bbox 603 1716 722 1794; x_wconf 83' lang='lat' dir='ltr'><strong>abiis,</strong></span> <span class='ocrx_word' id='word_1_114' title='bbox 748 1715 800 1798; x_wconf 92' lang='lat' dir='ltr'><strong>qui</strong></span> <span class='ocrx_word' id='word_1_115' title='bbox 825 1737 843 1780; x_wconf 90' lang='lat' dir='ltr'><strong>a</strong></span> <span class='ocrx_word' id='word_1_116' title='bbox 865 1717 979 1798; x_wconf 92' lang='lat' dir='ltr'><strong>populo</strong></span> <span class='ocrx_word' id='word_1_117' title='bbox 1004 1717 1121 1799; x_wconf 90' lang='lat' dir='ltr'><strong>proditi</strong></span> <span class='ocrx_word' id='word_1_118' title='bbox 1146 1719 1236 1794; x_wconf 89' lang='lat' dir='ltr'><strong>snut,</strong></span> <span class='ocrx_word' id='word_1_119' title='bbox 1261 1735 1364 1802; x_wconf 87' lang='lat' dir='ltr'><strong>secer·</strong></span> 
     </span>
     <span class='ocr_line' id='line_1_15' title="bbox 133 1803 1362 1888; baseline 0.005 -20"><span class='ocrx_word' id='word_1_120' title='bbox 133 1807 258 1868; x_wconf 89' lang='lat' dir='ltr'><strong>nnntur.</strong></span> <span class='ocrx_word' id='word_1_121' title='bbox 303 1803 534 1869; x_wconf 86' lang='lat' dir='ltr'><strong>Difficultatcm</strong></span> <span class='ocrx_word' id='word_1_122' title='bbox 566 1806 704 1887; x_wconf 91' lang='lat' dir='ltr'><strong>aliquam</strong></span> <span class='ocrx_word' id='word_1_123' title='bbox 729 1805 786 1870; x_wconf 89' lang='lat' dir='ltr'><strong>hac</strong></span> <span class='ocrx_word' id='word_1_124' title='bbox 817 1825 850 1870; x_wconf 94' lang='lat' dir='ltr'><strong>re</strong></span> <span class='ocrx_word' id='word_1_125' title='bbox 874 1806 948 1872; x_wconf 88' lang='lat' dir='ltr'><strong>oriri</strong></span> <span class='ocrx_word' id='word_1_126' title='bbox 973 1825 1067 1888; x_wconf 92' lang='lat' dir='ltr'><strong>supra</strong></span> <span class='ocrx_word' id='word_1_127' title='bbox 1090 1827 1119 1888; x_wconf 92' lang='lat' dir='ltr'><strong>p.</strong></span> <span class='ocrx_word' id='word_1_128' title='bbox 1146 1807 1188 1872; x_wconf 77' lang='lat'><strong>25</strong></span> <span class='ocrx_word' id='word_1_129' title='bbox 1215 1806 1362 1874; x_wconf 91' lang='lat' dir='ltr'><strong>vidimus.</strong></span> 
     </span>
     <span class='ocr_line' id='line_1_16' title="bbox 132 1894 1364 1977; baseline 0 -19"><span class='ocrx_word' id='word_1_130' title='bbox 132 1895 253 1958; x_wconf 91' lang='lat' dir='ltr'><strong>Iterum</strong></span> <span class='ocrx_word' id='word_1_131' title='bbox 277 1894 377 1957; x_wconf 82' lang='lat' dir='ltr'><strong>fusius</strong></span> <span class='ocrx_word' id='word_1_132' title='bbox 403 1894 580 1959; x_wconf 89' lang='lat' dir='ltr'><strong>declaratur</strong></span> <span class='ocrx_word' id='word_1_133' title='bbox 603 1895 721 1959; x_wconf 91' lang='lat' dir='ltr'><strong>talibus</strong></span> <span class='ocrx_word' id='word_1_134' title='bbox 746 1895 896 1977; x_wconf 92' lang='lat' dir='ltr'><strong>exemplis</strong></span> <span class='ocrx_word' id='word_1_135' title='bbox 922 1895 1079 1959; x_wconf 90' lang='lat' dir='ltr'><strong>neminem</strong></span> <span class='ocrx_word' id='word_1_136' title='bbox 1095 1895 1230 1974; x_wconf 88' lang='lat' dir='ltr'><strong>incitari,</strong></span> <span class='ocrx_word' id='word_1_137' title='bbox 1247 1897 1282 1960; x_wconf 95' lang='lat' dir='ltr'><strong>ut</strong></span> <span class='ocrx_word' id='word_1_138' title='bbox 1298 1914 1364 1958; x_wconf 88' lang='lat' dir='ltr'><strong>rem</strong></span> 
     </span>
     <span class='ocr_line' id='line_1_17' title="bbox 130 1982 1364 2067; baseline 0.001 -20"><span class='ocrx_word' id='word_1_139' title='bbox 130 1983 291 2067; x_wconf 90' lang='lat' dir='ltr'><strong>publicam</strong></span> <span class='ocrx_word' id='word_1_140' title='bbox 324 1982 541 2060; x_wconf 88' lang='lat' dir='ltr'><strong>administret;</strong></span> <span class='ocrx_word' id='word_1_141' title='bbox 573 1987 698 2066; x_wconf 89' lang='lat' dir='ltr'><strong>tempus</strong></span> <span class='ocrx_word' id='word_1_142' title='bbox 730 1985 815 2059; x_wconf 86' lang='lat' dir='ltr'><strong>enim</strong></span> <span class='ocrx_word' id='word_1_143' title='bbox 845 2003 993 2067; x_wconf 90' lang='lat' dir='ltr'><strong>praesens</strong></span> <span class='ocrx_word' id='word_1_144' title='bbox 1026 1985 1225 2049; x_wconf 91' lang='lat' dir='ltr'><strong>clementiam</strong></span> <span class='ocrx_word' id='word_1_145' title='bbox 1260 1985 1364 2067; x_wconf 84' lang='lat' dir='ltr'><strong>magis</strong></span> 
     </span>
     <span class='ocr_line' id='line_1_18' title="bbox 132 2071 1364 2159; baseline 0 -22"><span class='ocrx_word' id='word_1_146' title='bbox 132 2093 228 2157; x_wconf 90' lang='lat' dir='ltr'><strong>quam</strong></span> <span class='ocrx_word' id='word_1_147' title='bbox 261 2071 367 2137; x_wconf 88' lang='lat' dir='ltr'><strong>odium</strong></span> <span class='ocrx_word' id='word_1_148' title='bbox 398 2073 556 2154; x_wconf 90' lang='lat' dir='ltr'><strong>requirere</strong></span> <span class='ocrx_word' id='word_1_149' title='bbox 580 2073 611 2159; x_wconf 66' lang='grc' dir='ltr'><strong>(ἓ</strong></span> <span class='ocrx_word' id='word_1_150' title='bbox 637 2075 679 2139; x_wconf 88' lang='grc'><strong>33</strong></span> <span class='ocrx_word' id='word_1_151' title='bbox 704 2071 793 2159; x_wconf 69' lang='lat' dir='ltr'><strong>sep).</strong></span> <span class='ocrx_word' id='word_1_152' title='bbox 841 2075 1021 2156; x_wconf 91' lang='lat' dir='ltr'><strong>Iterumque</strong></span> <span class='ocrx_word' id='word_1_153' title='bbox 1053 2074 1156 2139; x_wconf 89' lang='lat' dir='ltr'><strong>verbis</strong></span> <span class='ocrx_word' id='word_1_154' title='bbox 1181 2073 1364 2156; x_wconf 89' lang='lat' dir='ltr'><strong>sophisticis</strong></span> 
     </span>
     <span class='ocr_line' id='line_1_19' title="bbox 131 2162 1362 2250; baseline 0.001 -23"><span class='ocrx_word' id='word_1_155' title='bbox 131 2165 209 2227; x_wconf 86' lang='lat' dir='ltr'><strong>haec</strong></span> <span class='ocrx_word' id='word_1_156' title='bbox 232 2181 305 2244; x_wconf 88' lang='lat' dir='ltr'><strong>pars</strong></span> <span class='ocrx_word' id='word_1_157' title='bbox 330 2162 454 2226; x_wconf 88' lang='lat' dir='ltr'><strong>linitur:</strong></span> <span class='ocrx_word' id='word_1_158' title='bbox 480 2162 509 2228; x_wconf 81' lang='grc' dir='ltr'><strong>εἰ</strong></span> <span class='ocrx_word' id='word_1_159' title='bbox 531 2165 600 2250; x_wconf 83' lang='grc' dir='ltr'><em>γὰρ,</em></span> <span class='ocrx_word' id='word_1_160' title='bbox 627 2166 647 2228; x_wconf 83' lang='grc' dir='ltr'>ἃ</span> <span class='ocrx_word' id='word_1_161' title='bbox 670 2163 781 2248; x_wconf 76' lang='grc' dir='ltr'><em>μηδεὶς</em></span> <span class='ocrx_word' id='word_1_162' title='bbox 805 2163 847 2229; x_wconf 80' lang='grc' dir='ltr'><strong>ἂν</strong></span> <span class='ocrx_word' id='word_1_163' title='bbox 869 2163 1019 2250; x_wconf 71' lang='grc' dir='ltr'><em>ἤλπισεν,</em></span> <span class='ocrx_word' id='word_1_164' title='bbox 1046 2163 1133 2250; x_wconf 79' lang='grc' dir='ltr'><em>ὁρῶν</em></span> <span class='ocrx_word' id='word_1_165' title='bbox 1155 2168 1362 2250; x_wconf 75' lang='grc' dir='ltr'><strong>γεγενημένοι,</strong></span> 
     </span>
     <span class='ocr_line' id='line_1_20' title="bbox 132 2251 1366 2340; baseline -0.002 -22"><span class='ocrx_word' id='word_1_166' title='bbox 132 2257 153 2318; x_wconf 83' lang='grc' dir='ltr'><strong><em>ἃ</em></strong></span> <span class='ocrx_word' id='word_1_167' title='bbox 177 2253 229 2316; x_wconf 78' lang='grc' dir='ltr'><strong>καὶ</strong></span> <span class='ocrx_word' id='word_1_168' title='bbox 256 2255 421 2338; x_wconf 75' lang='grc' dir='ltr'><strong>πρότερον</strong></span> <span class='ocrx_word' id='word_1_169' title='bbox 444 2258 556 2338; x_wconf 87' lang='grc' dir='ltr'><em>γέγονε</em></span> <span class='ocrx_word' id='word_1_170' title='bbox 581 2261 640 2317; x_wconf 82' lang='grc' dir='ltr'><strong>τοῦ</strong></span> <span class='ocrx_word' id='word_1_171' title='bbox 664 2253 768 2340; x_wconf 65' lang='grc' dir='ltr'><strong>δῆμον</strong></span> <span class='ocrx_word' id='word_1_172' title='bbox 793 2253 877 2339; x_wconf 78' lang='grc' dir='ltr'>πρὸς</span> <span class='ocrx_word' id='word_1_173' title='bbox 896 2253 974 2328; x_wconf 83' lang='grc' dir='ltr'><strong><em>τοὺς</em></strong></span> <span class='ocrx_word' id='word_1_174' title='bbox 988 2251 1073 2339; x_wconf 77' lang='grc' dir='ltr'><strong>ὑπὲρ</strong></span> <span class='ocrx_word' id='word_1_175' title='bbox 1091 2251 1194 2318; x_wconf 78' lang='grc' dir='ltr'><strong><em>αὐτοῦ</em></strong></span> <span class='ocrx_word' id='word_1_176' title='bbox 1210 2253 1366 2338; x_wconf 80' lang='grc' dir='ltr'><strong>λέγοντας</strong></span> 
     </span>
     <span class='ocr_line' id='line_1_21' title="bbox 131 2337 1364 2430; baseline -0.001 -23"><span class='ocrx_word' id='word_1_177' title='bbox 131 2337 189 2408; x_wconf 72' lang='grc' dir='ltr'><strong>ὑπ’</strong></span> <span class='ocrx_word' id='word_1_178' title='bbox 217 2341 414 2428; x_wconf 75' lang='grc' dir='ltr'><em>ἀνθρώπιον</em></span> <span class='ocrx_word' id='word_1_179' title='bbox 438 2340 629 2427; x_wconf 77' lang='grc' dir='ltr'><em>ἓγκαθέτιυν</em></span> <span class='ocrx_word' id='word_1_180' title='bbox 653 2342 898 2428; x_wconf 73' lang='grc' dir='ltr'><em>ὄιαβληθένιος,</em></span> <span class='ocrx_word' id='word_1_181' title='bbox 924 2349 988 2408; x_wconf 82' lang='grc' dir='ltr'><strong>νῦν</strong></span> <span class='ocrx_word' id='word_1_182' title='bbox 1010 2345 1054 2430; x_wconf 73' lang='grc' dir='ltr'><strong>μὴ</strong></span> <span class='ocrx_word' id='word_1_183' title='bbox 1079 2342 1121 2408; x_wconf 75' lang='grc' dir='ltr'><strong>ἂν</strong></span> <span class='ocrx_word' id='word_1_184' title='bbox 1149 2345 1251 2407; x_wconf 75' lang='grc' dir='ltr'><em>οἴεται</em></span> <span class='ocrx_word' id='word_1_185' title='bbox 1274 2347 1364 2427; x_wconf 84' lang='grc' dir='ltr'><em>γενέ-</em></span> 
     </span>
     <span class='ocr_line' id='line_1_22' title="bbox 133 2429 616 2519; baseline 0 -23"><span class='ocrx_word' id='word_1_186' title='bbox 133 2437 225 2514; x_wconf 76' lang='grc' dir='ltr'><em>σθαι,</em></span> <span class='ocrx_word' id='word_1_187' title='bbox 252 2440 325 2507; x_wconf 79' lang='grc' dir='ltr'><strong>πῶς</strong></span> <span class='ocrx_word' id='word_1_188' title='bbox 348 2429 387 2495; x_wconf 83' lang='grc' dir='ltr'><strong>οὐ</strong></span> <span class='ocrx_word' id='word_1_189' title='bbox 411 2434 599 2519; x_wconf 77' lang='grc' dir='ltr'><em>τετύφωται</em></span> <span class='ocrx_word' id='word_1_190' title='bbox 607 2456 616 2512; x_wconf 91' lang='grc'><strong>,·</strong></span> 
     </span>
    </p>

    <p class='ocr_par' dir='ltr' id='par_1_6' title="bbox 129 2537 1450 4502">
     <span class='ocr_line' id='line_1_23' title="bbox 240 2537 1366 2620; baseline -0.002 -18"><span class='ocrx_word' id='word_1_191' title='bbox 240 2538 301 2602; x_wconf 87' lang='lat' dir='ltr'><strong>His</strong></span> <span class='ocrx_word' id='word_1_192' title='bbox 326 2538 429 2602; x_wconf 89' lang='lat' dir='ltr'><strong>verbis</strong></span> <span class='ocrx_word' id='word_1_193' title='bbox 453 2537 530 2602; x_wconf 87' lang='lat' dir='ltr'><strong>haec</strong></span> <span class='ocrx_word' id='word_1_194' title='bbox 554 2538 708 2619; x_wconf 90' lang='lat' dir='ltr'><strong>epistulae</strong></span> <span class='ocrx_word' id='word_1_195' title='bbox 732 2557 814 2620; x_wconf 90' lang='lat' dir='ltr'><strong>pars,</strong></span> <span class='ocrx_word' id='word_1_196' title='bbox 838 2538 939 2602; x_wconf 90' lang='lat' dir='ltr'><strong>maior</strong></span> <span class='ocrx_word' id='word_1_197' title='bbox 954 2539 1011 2602; x_wconf 91' lang='lat' dir='ltr'><strong>illa</strong></span> <span class='ocrx_word' id='word_1_198' title='bbox 1029 2537 1165 2620; x_wconf 91' lang='lat' dir='ltr'><strong>quidem,</strong></span> <span class='ocrx_word' id='word_1_199' title='bbox 1184 2557 1244 2618; x_wconf 92' lang='lat' dir='ltr'><strong>qua</strong></span> <span class='ocrx_word' id='word_1_200' title='bbox 1261 2537 1366 2619; x_wconf 90' lang='lat' dir='ltr'><strong>agitur</strong></span> 
     </span>
     <span class='ocr_line' id='line_1_24' title="bbox 131 2626 1364 2711; baseline 0 -19"><span class='ocrx_word' id='word_1_201' title='bbox 131 2629 169 2692; x_wconf 92' lang='lat' dir='ltr'><strong>de</strong></span> <span class='ocrx_word' id='word_1_202' title='bbox 202 2628 312 2692; x_wconf 90' lang='lat' dir='ltr'><strong>liberis</strong></span> <span class='ocrx_word' id='word_1_203' title='bbox 337 2627 489 2711; x_wconf 81' lang='lat' dir='ltr'><strong>Lycurgi,</strong></span> <span class='ocrx_word' id='word_1_204' title='bbox 520 2626 629 2691; x_wconf 89' lang='lat' dir='ltr'><strong>finitur</strong></span> <span class='ocrx_word' id='word_1_205' title='bbox 660 2629 692 2691; x_wconf 90' lang='lat' dir='ltr'><strong>et</strong></span> <span class='ocrx_word' id='word_1_206' title='bbox 723 2627 760 2692; x_wconf 92' lang='lat' dir='ltr'><strong>ad</strong></span> <span class='ocrx_word' id='word_1_207' title='bbox 784 2628 1032 2693; x_wconf 89' lang='lat' dir='ltr'><strong>Demosthenem</strong></span> <span class='ocrx_word' id='word_1_208' title='bbox 1054 2629 1168 2709; x_wconf 89' lang='lat' dir='ltr'><strong>ipsum</strong></span> <span class='ocrx_word' id='word_1_209' title='bbox 1200 2627 1364 2692; x_wconf 87' lang='lat' dir='ltr'><strong>transitur.</strong></span> 
     </span>
     <span class='ocr_line' id='line_1_25' title="bbox 130 2716 1366 2799; baseline -0.002 -17"><span class='ocrx_word' id='word_1_210' title='bbox 130 2719 239 2782; x_wconf 91' lang='lat' dir='ltr'><strong>Liceat</strong></span> <span class='ocrx_word' id='word_1_211' title='bbox 275 2719 381 2781; x_wconf 87' lang='lat' dir='ltr'><strong>autern</strong></span> <span class='ocrx_word' id='word_1_212' title='bbox 416 2716 476 2781; x_wconf 91' lang='lat' dir='ltr'><strong>hoc</strong></span> <span class='ocrx_word' id='word_1_213' title='bbox 510 2717 578 2781; x_wconf 93' lang='lat' dir='ltr'><strong>loco</strong></span> <span class='ocrx_word' id='word_1_214' title='bbox 615 2717 724 2799; x_wconf 90' lang='lat' dir='ltr'><strong>paucis</strong></span> <span class='ocrx_word' id='word_1_215' title='bbox 757 2717 795 2781; x_wconf 91' lang='lat' dir='ltr'><strong>de</strong></span> <span class='ocrx_word' id='word_1_216' title='bbox 827 2717 1034 2799; x_wconf 88' lang='lat' dir='ltr'><strong>dispositione</strong></span> <span class='ocrx_word' id='word_1_217' title='bbox 1065 2717 1178 2781; x_wconf 89' lang='lat' dir='ltr'><strong>tertiae</strong></span> <span class='ocrx_word' id='word_1_218' title='bbox 1211 2716 1366 2798; x_wconf 88' lang='lat' dir='ltr'><strong>epistulae</strong></span> 
     </span>
     <span class='ocr_line' id='line_1_26' title="bbox 131 2805 1367 2888; baseline -0.002 -17"><span class='ocrx_word' id='word_1_219' title='bbox 131 2808 296 2874; x_wconf 88' lang='lat' dir='ltr'><strong>disserere.</strong></span> <span class='ocrx_word' id='word_1_220' title='bbox 343 2805 416 2870; x_wconf 89' lang='lat' dir='ltr'><strong>Non</strong></span> <span class='ocrx_word' id='word_1_221' title='bbox 441 2806 525 2870; x_wconf 92' lang='lat' dir='ltr'><strong>enim</strong></span> <span class='ocrx_word' id='word_1_222' title='bbox 550 2808 692 2870; x_wconf 89' lang='lat' dir='ltr'><strong>constare</strong></span> <span class='ocrx_word' id='word_1_223' title='bbox 717 2806 779 2870; x_wconf 92' lang='lat' dir='ltr'><strong>sibi</strong></span> <span class='ocrx_word' id='word_1_224' title='bbox 804 2808 912 2871; x_wconf 89' lang='lat' dir='ltr'><strong>auctor</strong></span> <span class='ocrx_word' id='word_1_225' title='bbox 936 2807 1068 2885; x_wconf 85' lang='lat' dir='ltr'><strong>videtur,</strong></span> <span class='ocrx_word' id='word_1_226' title='bbox 1093 2806 1184 2888; x_wconf 88' lang='lat' dir='ltr'><strong>quod,</strong></span> <span class='ocrx_word' id='word_1_227' title='bbox 1210 2825 1281 2870; x_wconf 91' lang='lat' dir='ltr'><strong>oum</strong></span> <span class='ocrx_word' id='word_1_228' title='bbox 1301 2805 1367 2886; x_wconf 93' lang='lat' dir='ltr'><strong>pri-</strong></span> 
     </span>
     <span class='ocr_line' id='line_1_27' title="bbox 131 2895 1366 2977; baseline -0.002 -17"><span class='ocrx_word' id='word_1_229' title='bbox 131 2897 195 2960; x_wconf 91' lang='lat' dir='ltr'><strong>mis</strong></span> <span class='ocrx_word' id='word_1_230' title='bbox 227 2896 380 2977; x_wconf 89' lang='lat' dir='ltr'><strong>epistulae</strong></span> <span class='ocrx_word' id='word_1_231' title='bbox 415 2895 516 2960; x_wconf 85' lang='lat' dir='ltr'><strong>verbis</strong></span> <span class='ocrx_word' id='word_1_232' title='bbox 549 2897 683 2977; x_wconf 90' lang='lat' dir='ltr'><strong>exponat</strong></span> <span class='ocrx_word' id='word_1_233' title='bbox 714 2895 752 2960; x_wconf 90' lang='lat' dir='ltr'><strong>de</strong></span> <span class='ocrx_word' id='word_1_234' title='bbox 777 2895 842 2959; x_wconf 90' lang='lat' dir='ltr'><strong>suis</strong></span> <span class='ocrx_word' id='word_1_235' title='bbox 867 2896 995 2976; x_wconf 92' lang='lat' dir='ltr'><strong>quidem</strong></span> <span class='ocrx_word' id='word_1_236' title='bbox 1018 2896 1111 2960; x_wconf 91' lang='lat' dir='ltr'><strong>rebus</strong></span> <span class='ocrx_word' id='word_1_237' title='bbox 1137 2914 1170 2959; x_wconf 90' lang='lat' dir='ltr'><strong>se</strong></span> <span class='ocrx_word' id='word_1_238' title='bbox 1196 2895 1366 2958; x_wconf 88' lang='lat' dir='ltr'><strong>secundam</strong></span> 
     </span>
     <span class='ocr_line' id='line_1_28' title="bbox 132 2984 1366 3068; baseline -0.002 -18"><span class='ocrx_word' id='word_1_239' title='bbox 132 2985 303 3068; x_wconf 88' lang='lat' dir='ltr'><strong>epistulam</strong></span> <span class='ocrx_word' id='word_1_240' title='bbox 337 2985 518 3067; x_wconf 86' lang='lat' dir='ltr'><strong>scripsisse,</strong></span> <span class='ocrx_word' id='word_1_241' title='bbox 553 2985 612 3049; x_wconf 90' lang='lat' dir='ltr'><strong>hac</strong></span> <span class='ocrx_word' id='word_1_242' title='bbox 643 2985 738 3049; x_wconf 89' lang='lat' dir='ltr'><strong>tertia</strong></span> <span class='ocrx_word' id='word_1_243' title='bbox 770 2985 906 3066; x_wconf 87' lang='lat' dir='ltr'><strong>epistula</strong></span> <span class='ocrx_word' id='word_1_244' title='bbox 936 3005 992 3066; x_wconf 93' lang='lat' dir='ltr'><strong>pro</strong></span> <span class='ocrx_word' id='word_1_245' title='bbox 1025 2985 1159 3068; x_wconf 84' lang='lat' dir='ltr'><strong>Lycurgi</strong></span> <span class='ocrx_word' id='word_1_246' title='bbox 1189 2984 1299 3048; x_wconf 86' lang='lat' dir='ltr'><strong>liberis</strong></span> <span class='ocrx_word' id='word_1_247' title='bbox 1333 3002 1366 3047; x_wconf 90' lang='lat' dir='ltr'><strong>se</strong></span> 
     </span>
     <span class='ocr_line' id='line_1_29' title="bbox 131 3071 1367 3156; baseline -0.003 -16"><span class='ocrx_word' id='word_1_248' title='bbox 131 3076 290 3140; x_wconf 88' lang='lat' dir='ltr'><strong>dicturum</strong></span> <span class='ocrx_word' id='word_1_249' title='bbox 315 3093 393 3153; x_wconf 87' lang='lat' dir='ltr'><strong>esse,</strong></span> <span class='ocrx_word' id='word_1_250' title='bbox 418 3077 525 3138; x_wconf 87' lang='lat' dir='ltr'><strong>tamen</strong></span> <span class='ocrx_word' id='word_1_251' title='bbox 549 3074 582 3138; x_wconf 93' lang='lat' dir='ltr'><strong>in</strong></span> <span class='ocrx_word' id='word_1_252' title='bbox 605 3074 778 3156; x_wconf 87' lang='lat' dir='ltr'><strong>posteriore</strong></span> <span class='ocrx_word' id='word_1_253' title='bbox 802 3074 915 3138; x_wconf 89' lang='lat' dir='ltr'><strong>tertiae</strong></span> <span class='ocrx_word' id='word_1_254' title='bbox 940 3074 1095 3156; x_wconf 87' lang='lat' dir='ltr'><strong>epistulae</strong></span> <span class='ocrx_word' id='word_1_255' title='bbox 1112 3074 1201 3155; x_wconf 91' lang='lat' dir='ltr'><strong>parte</strong></span> <span class='ocrx_word' id='word_1_256' title='bbox 1218 3071 1257 3137; x_wconf 89' lang='lat' dir='ltr'><strong>ad</strong></span> <span class='ocrx_word' id='word_1_257' title='bbox 1277 3091 1367 3136; x_wconf 89' lang='lat' dir='ltr'><strong>suam</strong></span> 
     </span>
     <span class='ocr_line' id='line_1_30' title="bbox 129 3161 1367 3248; baseline -0.004 -18"><span class='ocrx_word' id='word_1_258' title='bbox 129 3165 232 3248; x_wconf 91' lang='lat' dir='ltr'><strong>ipsius</strong></span> <span class='ocrx_word' id='word_1_259' title='bbox 264 3183 391 3229; x_wconf 88' lang='lat' dir='ltr'><strong>causam</strong></span> <span class='ocrx_word' id='word_1_260' title='bbox 424 3163 652 3228; x_wconf 85' lang='lat' dir='ltr'><strong>defendendam</strong></span> <span class='ocrx_word' id='word_1_261' title='bbox 683 3164 808 3231; x_wconf 89' lang='lat' dir='ltr'><strong>transit.</strong></span> <span class='ocrx_word' id='word_1_262' title='bbox 856 3164 1007 3228; x_wconf 83' lang='lat' dir='ltr'><strong>Attamen</strong></span> <span class='ocrx_word' id='word_1_263' title='bbox 1037 3163 1075 3232; x_wconf 87' lang='grc' dir='ltr'><strong>Α,</strong></span> <span class='ocrx_word' id='word_1_264' title='bbox 1106 3161 1271 3227; x_wconf 87' lang='lat' dir='ltr'><strong>Sohaefero</strong></span> <span class='ocrx_word' id='word_1_265' title='bbox 1305 3181 1367 3226; x_wconf 93' lang='lat' dir='ltr'><strong>non</strong></span> 
     </span>
     <span class='ocr_line' id='line_1_31' title="bbox 131 3251 1369 3335; baseline -0.004 -15"><span class='ocrx_word' id='word_1_266' title='bbox 131 3253 298 3332; x_wconf 87' lang='lat' dir='ltr'><strong>assentior,</strong></span> <span class='ocrx_word' id='word_1_267' title='bbox 323 3255 377 3335; x_wconf 89' lang='lat' dir='ltr'><strong>qui</strong></span> <span class='ocrx_word' id='word_1_268' title='bbox 400 3254 459 3318; x_wconf 91' lang='lat' dir='ltr'><strong>hoc</strong></span> <span class='ocrx_word' id='word_1_269' title='bbox 483 3253 602 3317; x_wconf 91' lang='lat' dir='ltr'><strong>auctori</strong></span> <span class='ocrx_word' id='word_1_270' title='bbox 627 3253 781 3335; x_wconf 83' lang='lat' dir='ltr'><strong>epistulae</strong></span> <span class='ocrx_word' id='word_1_271' title='bbox 807 3253 995 3334; x_wconf 86' lang='lat' dir='ltr'><strong>exprobrans</strong></span> <span class='ocrx_word' id='word_1_272' title='bbox 1019 3253 1052 3316; x_wconf 94' lang='lat' dir='ltr'><strong>in</strong></span> <span class='ocrx_word' id='word_1_273' title='bbox 1077 3271 1113 3317; x_wconf 92' lang='lat' dir='ltr'><strong>ea</strong></span> <span class='ocrx_word' id='word_1_274' title='bbox 1133 3253 1252 3334; x_wconf 86' lang='lat' dir='ltr'><strong>ipsane</strong></span> <span class='ocrx_word' id='word_1_275' title='bbox 1268 3251 1369 3316; x_wconf 87' lang='lat' dir='ltr'><strong>animi</strong></span> 
     </span>
     <span class='ocr_line' id='line_1_32' title="bbox 131 3340 1369 3427; baseline -0.003 -19"><span class='ocrx_word' id='word_1_276' title='bbox 131 3343 291 3427; x_wconf 89' lang='lat' dir='ltr'><strong>quandam</strong></span> <span class='ocrx_word' id='word_1_277' title='bbox 315 3343 514 3407; x_wconf 90' lang='lat' dir='ltr'><strong>debilitatem</strong></span> <span class='ocrx_word' id='word_1_278' title='bbox 539 3344 649 3411; x_wconf 90' lang='lat' dir='ltr'><strong>cernit.</strong></span> <span class='ocrx_word' id='word_1_279' title='bbox 697 3342 780 3406; x_wconf 88' lang='lat' dir='ltr'><strong>Nam</strong></span> <span class='ocrx_word' id='word_1_280' title='bbox 805 3343 832 3406; x_wconf 92' lang='lat' dir='ltr'><strong>si</strong></span> <span class='ocrx_word' id='word_1_281' title='bbox 857 3341 1074 3419; x_wconf 89' lang='lat' dir='ltr'><strong>concedamus,</strong></span> <span class='ocrx_word' id='word_1_282' title='bbox 1098 3341 1132 3405; x_wconf 94' lang='lat' dir='ltr'><strong>id</strong></span> <span class='ocrx_word' id='word_1_283' title='bbox 1156 3341 1237 3424; x_wconf 92' lang='lat' dir='ltr'><strong>quod</strong></span> <span class='ocrx_word' id='word_1_284' title='bbox 1259 3340 1369 3424; x_wconf 86' lang='lat' dir='ltr'><strong>negari</strong></span> 
     </span>
     <span class='ocr_line' id='line_1_33' title="bbox 130 3431 1368 3515; baseline -0.004 -17"><span class='ocrx_word' id='word_1_285' title='bbox 130 3435 183 3499; x_wconf 89' lang='lat' dir='ltr'><strong>vix</strong></span> <span class='ocrx_word' id='word_1_286' title='bbox 207 3432 334 3515; x_wconf 89' lang='lat' dir='ltr'><strong>poterit,</strong></span> <span class='ocrx_word' id='word_1_287' title='bbox 359 3433 391 3496; x_wconf 95' lang='lat' dir='ltr'><strong>in</strong></span> <span class='ocrx_word' id='word_1_288' title='bbox 416 3432 562 3514; x_wconf 89' lang='lat' dir='ltr'><strong>epistulis</strong></span> <span class='ocrx_word' id='word_1_289' title='bbox 587 3432 738 3498; x_wconf 91' lang='lat' dir='ltr'><strong>maiorem</strong></span> <span class='ocrx_word' id='word_1_290' title='bbox 754 3432 935 3496; x_wconf 88' lang='lat' dir='ltr'><strong>libertatem</strong></span> <span class='ocrx_word' id='word_1_291' title='bbox 952 3431 1182 3496; x_wconf 89' lang='lat' dir='ltr'><strong>sententiarum</strong></span> <span class='ocrx_word' id='word_1_292' title='bbox 1200 3431 1368 3512; x_wconf 92' lang='lat' dir='ltr'><strong>disponen-</strong></span> 
     </span>
     <span class='ocr_line' id='line_1_34' title="bbox 131 3519 1370 3603; baseline -0.004 -16"><span class='ocrx_word' id='word_1_293' title='bbox 131 3525 245 3588; x_wconf 90' lang='lat' dir='ltr'><strong>darum</strong></span> <span class='ocrx_word' id='word_1_294' title='bbox 276 3523 324 3586; x_wconf 89' lang='lat' dir='ltr'><strong>ita</strong></span> <span class='ocrx_word' id='word_1_295' title='bbox 354 3522 542 3603; x_wconf 90' lang='lat' dir='ltr'><strong>permissam</strong></span> <span class='ocrx_word' id='word_1_296' title='bbox 575 3540 659 3598; x_wconf 88' lang='lat' dir='ltr'><strong>esse,</strong></span> <span class='ocrx_word' id='word_1_297' title='bbox 692 3523 728 3586; x_wconf 94' lang='lat' dir='ltr'><strong>ut</strong></span> <span class='ocrx_word' id='word_1_298' title='bbox 758 3540 863 3586; x_wconf 88' lang='lat' dir='ltr'><strong>rerum</strong></span> <span class='ocrx_word' id='word_1_299' title='bbox 886 3521 969 3585; x_wconf 93' lang='lat' dir='ltr'><strong>inter</strong></span> <span class='ocrx_word' id='word_1_300' title='bbox 992 3539 1025 3584; x_wconf 91' lang='lat' dir='ltr'><strong>se</strong></span> <span class='ocrx_word' id='word_1_301' title='bbox 1051 3539 1184 3585; x_wconf 88' lang='lat' dir='ltr'><strong>conexus</strong></span> <span class='ocrx_word' id='word_1_302' title='bbox 1208 3519 1370 3584; x_wconf 88' lang='lat' dir='ltr'><strong>interdurn</strong></span> 
     </span>
     <span class='ocr_line' id='line_1_35' title="bbox 131 3609 1368 3696; baseline -0.003 -20"><span class='ocrx_word' id='word_1_303' title='bbox 131 3613 242 3696; x_wconf 91' lang='lat' dir='ltr'><strong>paullo</strong></span> <span class='ocrx_word' id='word_1_304' title='bbox 265 3612 367 3676; x_wconf 88' lang='lat' dir='ltr'><strong>laxior</strong></span> <span class='ocrx_word' id='word_1_305' title='bbox 391 3612 434 3676; x_wconf 89' lang='lat' dir='ltr'><strong>sit</strong></span> <span class='ocrx_word' id='word_1_306' title='bbox 458 3630 552 3692; x_wconf 92' lang='lat' dir='ltr'><strong>quam</strong></span> <span class='ocrx_word' id='word_1_307' title='bbox 575 3611 608 3675; x_wconf 95' lang='lat' dir='ltr'><strong>iu</strong></span> <span class='ocrx_word' id='word_1_308' title='bbox 633 3611 828 3676; x_wconf 89' lang='lat' dir='ltr'><strong>orationibus</strong></span> <span class='ocrx_word' id='word_1_309' title='bbox 852 3611 1018 3692; x_wconf 89' lang='lat' dir='ltr'><strong>praecipue</strong></span> <span class='ocrx_word' id='word_1_310' title='bbox 1042 3609 1226 3686; x_wconf 87' lang='lat' dir='ltr'><strong>iudiciariis,</strong></span> <span class='ocrx_word' id='word_1_311' title='bbox 1252 3610 1368 3673; x_wconf 89' lang='lat' dir='ltr'><strong>Demo-</strong></span> 
     </span>
     <span class='ocr_line' id='line_1_36' title="bbox 132 3698 1370 3784; baseline -0.006 -17"><span class='ocrx_word' id='word_1_312' title='bbox 132 3702 256 3780; x_wconf 86' lang='lat' dir='ltr'><strong>stheni,</strong></span> <span class='ocrx_word' id='word_1_313' title='bbox 281 3703 395 3784; x_wconf 90' lang='lat' dir='ltr'><strong>quippe</strong></span> <span class='ocrx_word' id='word_1_314' title='bbox 428 3701 515 3765; x_wconf 89' lang='lat' dir='ltr'><strong>cuius</strong></span> <span class='ocrx_word' id='word_1_315' title='bbox 548 3719 646 3782; x_wconf 90' lang='lat' dir='ltr'><strong>paene</strong></span> <span class='ocrx_word' id='word_1_316' title='bbox 672 3699 781 3774; x_wconf 90' lang='lat' dir='ltr'><strong>eadem</strong></span> <span class='ocrx_word' id='word_1_317' title='bbox 805 3699 930 3764; x_wconf 88' lang='lat' dir='ltr'><strong>fortuna</strong></span> <span class='ocrx_word' id='word_1_318' title='bbox 962 3699 1057 3763; x_wconf 89' lang='lat' dir='ltr'><strong>fuerit</strong></span> <span class='ocrx_word' id='word_1_319' title='bbox 1088 3717 1167 3781; x_wconf 92' lang='lat' dir='ltr'><strong>quae</strong></span> <span class='ocrx_word' id='word_1_320' title='bbox 1197 3698 1370 3763; x_wconf 90' lang='lat' dir='ltr'><strong>liberorum</strong></span> 
     </span>
     <span class='ocr_line' id='line_1_37' title="bbox 130 3787 1370 3875; baseline -0.006 -17"><span class='ocrx_word' id='word_1_321' title='bbox 130 3791 278 3875; x_wconf 84' lang='lat' dir='ltr'><strong>Lycurgi,</strong></span> <span class='ocrx_word' id='word_1_322' title='bbox 303 3791 596 3855; x_wconf 88' lang='lat' dir='ltr'><strong>commodissimum</strong></span> <span class='ocrx_word' id='word_1_323' title='bbox 624 3791 661 3854; x_wconf 91' lang='lat' dir='ltr'><strong>ab</strong></span> <span class='ocrx_word' id='word_1_324' title='bbox 686 3790 735 3854; x_wconf 94' lang='lat' dir='ltr'><strong>his</strong></span> <span class='ocrx_word' id='word_1_325' title='bbox 761 3789 801 3854; x_wconf 88' lang='lat' dir='ltr'><strong>ad</strong></span> <span class='ocrx_word' id='word_1_326' title='bbox 825 3808 915 3853; x_wconf 89' lang='lat' dir='ltr'><strong>suam</strong></span> <span class='ocrx_word' id='word_1_327' title='bbox 939 3789 1040 3870; x_wconf 88' lang='lat' dir='ltr'><strong>ipsius</strong></span> <span class='ocrx_word' id='word_1_328' title='bbox 1065 3790 1183 3853; x_wconf 89' lang='lat' dir='ltr'><strong>sortem</strong></span> <span class='ocrx_word' id='word_1_329' title='bbox 1198 3787 1370 3852; x_wconf 87' lang='lat' dir='ltr'><strong>transitum</strong></span> 
     </span>
     <span class='ocr_line' id='line_1_38' title="bbox 131 3875 1369 3965; baseline -0.005 -19"><span class='ocrx_word' id='word_1_330' title='bbox 131 3881 275 3965; x_wconf 87' lang='lat' dir='ltr'><strong>patuisse</strong></span> <span class='ocrx_word' id='word_1_331' title='bbox 298 3880 392 3944; x_wconf 85' lang='lat' dir='ltr'><strong>facile</strong></span> <span class='ocrx_word' id='word_1_332' title='bbox 417 3880 589 3948; x_wconf 86' lang='lat' dir='ltr'><strong>credemus.</strong></span> <span class='ocrx_word' id='word_1_333' title='bbox 637 3878 777 3957; x_wconf 85' lang='lat' dir='ltr'><strong>Accedit,</strong></span> <span class='ocrx_word' id='word_1_334' title='bbox 802 3878 884 3959; x_wconf 93' lang='lat' dir='ltr'><strong>quod</strong></span> <span class='ocrx_word' id='word_1_335' title='bbox 908 3878 989 3942; x_wconf 90' lang='lat' dir='ltr'><strong>illud</strong></span> <span class='ocrx_word' id='word_1_336' title='bbox 1013 3877 1097 3942; x_wconf 90' lang='lat' dir='ltr'><strong>haud</strong></span> <span class='ocrx_word' id='word_1_337' title='bbox 1120 3877 1225 3959; x_wconf 90' lang='lat' dir='ltr'><strong>inepte</strong></span> <span class='ocrx_word' id='word_1_338' title='bbox 1250 3877 1297 3956; x_wconf 91' lang='lat' dir='ltr'><strong>fit,</strong></span> <span class='ocrx_word' id='word_1_339' title='bbox 1314 3875 1369 3941; x_wconf 86' lang='lat' dir='ltr'><strong>sed</strong></span> 
     </span>
     <span class='ocr_line' id='line_1_39' title="bbox 132 3966 1370 4052; baseline -0.003 -18"><span class='ocrx_word' id='word_1_340' title='bbox 132 3971 238 4036; x_wconf 89' lang='lat' dir='ltr'><strong>causis</strong></span> <span class='ocrx_word' id='word_1_341' title='bbox 271 3969 379 4034; x_wconf 87' lang='lat' dir='ltr'><strong>allatis</strong></span> <span class='ocrx_word' id='word_1_342' title='bbox 412 3969 491 4034; x_wconf 88' lang='lat' dir='ltr'><strong>satis</strong></span> <span class='ocrx_word' id='word_1_343' title='bbox 524 3971 689 4034; x_wconf 90' lang='lat' dir='ltr'><strong>excusatur</strong></span> <span class='ocrx_word' id='word_1_344' title='bbox 721 3967 754 4052; x_wconf 60' lang='grc' dir='ltr'><strong>(ᾗ</strong></span> <span class='ocrx_word' id='word_1_345' title='bbox 779 3969 838 4046; x_wconf 81' lang='lat'><strong>35,</strong></span> <span class='ocrx_word' id='word_1_346' title='bbox 870 3968 937 4050; x_wconf 87' lang='lat'><strong>36).</strong></span> <span class='ocrx_word' id='word_1_347' title='bbox 984 3968 1150 4032; x_wconf 89' lang='lat' dir='ltr'><strong>Praeterea</strong></span> <span class='ocrx_word' id='word_1_348' title='bbox 1182 3968 1287 4030; x_wconf 89' lang='lat' dir='ltr'><strong>autem</strong></span> <span class='ocrx_word' id='word_1_349' title='bbox 1318 3966 1370 4030; x_wconf 92' lang='lat' dir='ltr'><strong>bic</strong></span> 
     </span>
     <span class='ocr_line' id='line_1_40' title="bbox 131 4055 1371 4140; baseline -0.006 -15"><span class='ocrx_word' id='word_1_350' title='bbox 131 4060 289 4126; x_wconf 89' lang='lat' dir='ltr'><strong>transitus</strong></span> <span class='ocrx_word' id='word_1_351' title='bbox 321 4077 356 4123; x_wconf 91' lang='lat' dir='ltr'><strong>eo</strong></span> <span class='ocrx_word' id='word_1_352' title='bbox 387 4061 591 4140; x_wconf 90' lang='lat' dir='ltr'><strong>praeparatus</strong></span> <span class='ocrx_word' id='word_1_353' title='bbox 625 4061 691 4137; x_wconf 91' lang='lat' dir='ltr'><strong>est,</strong></span> <span class='ocrx_word' id='word_1_354' title='bbox 724 4057 805 4139; x_wconf 92' lang='lat' dir='ltr'><strong>quod</strong></span> <span class='ocrx_word' id='word_1_355' title='bbox 838 4058 963 4139; x_wconf 87' lang='lat' dir='ltr'><strong>saepius</strong></span> <span class='ocrx_word' id='word_1_356' title='bbox 987 4055 1212 4120; x_wconf 87' lang='lat' dir='ltr'><strong>Demosthenis</strong></span> <span class='ocrx_word' id='word_1_357' title='bbox 1245 4055 1371 4119; x_wconf 90' lang='lat' dir='ltr'><strong>fortuna</strong></span> 
     </span>
     <span class='ocr_line' id='line_1_41' title="bbox 133 4144 1371 4233; baseline -0.004 -20"><span class='ocrx_word' id='word_1_358' title='bbox 133 4169 190 4233; x_wconf 92' lang='lat' dir='ltr'><strong>pro</strong></span> <span class='ocrx_word' id='word_1_359' title='bbox 216 4148 357 4230; x_wconf 90' lang='lat' dir='ltr'><strong>exemplo</strong></span> <span class='ocrx_word' id='word_1_360' title='bbox 376 4148 562 4223; x_wconf 90' lang='lat' dir='ltr'><strong>adhibetur;</strong></span> <span class='ocrx_word' id='word_1_361' title='bbox 588 4148 633 4212; x_wconf 90' lang='lat' dir='ltr'><strong>ita</strong></span> <span class='ocrx_word' id='word_1_362' title='bbox 657 4148 724 4230; x_wconf 89' lang='lat' dir='ltr'><strong>ipse</strong></span> <span class='ocrx_word' id='word_1_363' title='bbox 748 4147 831 4211; x_wconf 92' lang='lat' dir='ltr'><strong>inter</strong></span> <span class='ocrx_word' id='word_1_364' title='bbox 857 4165 909 4211; x_wconf 89' lang='lat' dir='ltr'><strong>eos</strong></span> <span class='ocrx_word' id='word_1_365' title='bbox 934 4146 1017 4210; x_wconf 85' lang='lat' dir='ltr'><strong>viros</strong></span> <span class='ocrx_word' id='word_1_366' title='bbox 1043 4146 1251 4224; x_wconf 88' lang='lat' dir='ltr'><strong>enumeratur,</strong></span> <span class='ocrx_word' id='word_1_367' title='bbox 1276 4144 1329 4228; x_wconf 93' lang='lat' dir='ltr'><strong>qui</strong></span> <span class='ocrx_word' id='word_1_368' title='bbox 1354 4163 1371 4208; x_wconf 94' lang='lat' dir='ltr'><strong>a</strong></span> 
     </span>
     <span class='ocr_line' id='line_1_42' title="bbox 132 4234 1371 4322; baseline -0.006 -18"><span class='ocrx_word' id='word_1_369' title='bbox 132 4239 248 4322; x_wconf 92' lang='lat' dir='ltr'><strong>populo</strong></span> <span class='ocrx_word' id='word_1_370' title='bbox 273 4237 391 4302; x_wconf 89' lang='lat' dir='ltr'><strong>deserti</strong></span> <span class='ocrx_word' id='word_1_371' title='bbox 416 4238 481 4302; x_wconf 91' lang='lat' dir='ltr'><strong>sint</strong></span> <span class='ocrx_word' id='word_1_372' title='bbox 498 4237 529 4320; x_wconf 66' lang='grc' dir='ltr'><strong>(ξ</strong></span> <span class='ocrx_word' id='word_1_373' title='bbox 548 4238 615 4320; x_wconf 78' lang='grc'><strong>32).</strong></span> <span class='ocrx_word' id='word_1_374' title='bbox 662 4237 731 4300; x_wconf 91' lang='lat' dir='ltr'><strong>Hoc</strong></span> <span class='ocrx_word' id='word_1_375' title='bbox 748 4236 846 4319; x_wconf 86' lang='lat' dir='ltr'><strong>igitur</strong></span> <span class='ocrx_word' id='word_1_376' title='bbox 862 4236 985 4299; x_wconf 92' lang='lat' dir='ltr'><strong>nullam</strong></span> <span class='ocrx_word' id='word_1_377' title='bbox 1000 4235 1149 4317; x_wconf 89' lang='lat' dir='ltr'><strong>praebere</strong></span> <span class='ocrx_word' id='word_1_378' title='bbox 1166 4234 1371 4299; x_wconf 86' lang='lat' dir='ltr'><strong>offensionem</strong></span> 
     </span>
     <span class='ocr_line' id='line_1_43' title="bbox 133 4323 1370 4408; baseline -0.006 -15"><span class='ocrx_word' id='word_1_379' title='bbox 133 4329 280 4396; x_wconf 89' lang='lat' dir='ltr'><strong>arbitror.</strong></span> <span class='ocrx_word' id='word_1_380' title='bbox 327 4327 376 4391; x_wconf 89' lang='lat' dir='ltr'><strong>De</strong></span> <span class='ocrx_word' id='word_1_381' title='bbox 394 4327 567 4392; x_wconf 89' lang='lat' dir='ltr'><strong>Mnesibuli</strong></span> <span class='ocrx_word' id='word_1_382' title='bbox 591 4345 663 4391; x_wconf 92' lang='lat' dir='ltr'><strong>vero</strong></span> <span class='ocrx_word' id='word_1_383' title='bbox 689 4326 830 4408; x_wconf 90' lang='lat' dir='ltr'><strong>exemplo</strong></span> <span class='ocrx_word' id='word_1_384' title='bbox 851 4325 935 4390; x_wconf 88' lang='lat' dir='ltr'><strong>male</strong></span> <span class='ocrx_word' id='word_1_385' title='bbox 952 4344 1023 4388; x_wconf 94' lang='lat' dir='ltr'><strong>cum</strong></span> <span class='ocrx_word' id='word_1_386' title='bbox 1040 4323 1187 4389; x_wconf 89' lang='lat' dir='ltr'><strong>Lachetis</strong></span> <span class='ocrx_word' id='word_1_387' title='bbox 1205 4323 1370 4388; x_wconf 89' lang='lat' dir='ltr'><strong>coniuncto</strong></span> 
     </span>
     <span class='ocr_line' id='line_1_44' title="bbox 131 4407 1450 4502; baseline -0.007 -18"><span class='ocrx_word' id='word_1_388' title='bbox 131 4435 205 4502; x_wconf 86' lang='lat' dir='ltr'><strong>pag.</strong></span> <span class='ocrx_word' id='word_1_389' title='bbox 242 4419 284 4483; x_wconf 87' lang='grc'><strong>36</strong></span> <span class='ocrx_word' id='word_1_390' title='bbox 320 4417 413 4482; x_wconf 92' lang='lat' dir='ltr'><strong>modo</strong></span> <span class='ocrx_word' id='word_1_391' title='bbox 446 4416 592 4484; x_wconf 87' lang='lat' dir='ltr'><strong>diximus.</strong></span> <span class='ocrx_word' id='word_1_392' title='bbox 648 4417 762 4480; x_wconf 78' lang='lat' dir='ltr'><strong>Totam</strong></span> <span class='ocrx_word' id='word_1_393' title='bbox 803 4417 909 4480; x_wconf 89' lang='lat' dir='ltr'><strong>autem</strong></span> <span class='ocrx_word' id='word_1_394' title='bbox 948 4414 1119 4496; x_wconf 88' lang='lat' dir='ltr'><strong>epistulam</strong></span> <span class='ocrx_word' id='word_1_395' title='bbox 1158 4413 1370 4490; x_wconf 85' lang='lat' dir='ltr'><strong>considerans,</strong></span> <span class='ocrx_word' id='word_1_396' title='bbox 1447 4407 1450 4414; x_wconf 81' lang='grc'><strong>’</strong></span> 
     </span>
    </p>
   </div>
   <div class='ocr_carea' id='block_1_6' title="bbox 436 4569 444 4616">
    <p class='ocr_par' dir='ltr' id='par_1_7' title="bbox 436 4569 444 4616">
     <span class='ocr_line' id='line_1_45' title="bbox 436 4569 444 4616; baseline 0 -21"><span class='ocrx_word' id='word_1_397' title='bbox 436 4569 444 4616; x_wconf 64' lang='grc' dir='ltr'><em>γ</em></span> 
     </span>
    </p>
   </div>
   <div class='ocr_carea' id='block_1_7' title="bbox 0 0 1653 5070">
    <p class='ocr_par' dir='ltr' id='par_1_8' title="bbox 0 0 1653 5070">
     <span class='ocr_line' id='line_1_46' title="bbox 0 0 1653 5070; baseline 0 0"><span class='ocrx_word' id='word_1_398' title='bbox 0 0 1653 5070; x_wconf 95' lang='lat' dir='ltr'><strong> </strong></span> 
     </span>
    </p>
   </div>
  </div>
 </body>
</html>
