3288 5070
685 356 845 454 ju—

257 557 344 622 Haec
375 553 471 620 hebui
503 553 541 618 de
566 553 882 618 Demosthenioarum
906 572 984 636 quae
1008 553 1150 618 feruutur
1174 553 1382 635 epistularum

150 647 213 712 fide
239 665 317 729 quae
342 645 497 710 dicerem:
530 663 620 726 spero
644 643 710 708 fore
733 645 770 708 ut
794 643 946 726 epistulas
979 661 997 707 a
1019 643 1233 708 Demosthene
1258 641 1381 708 abiudi-

151 735 268 802 caudas
295 755 364 800 esse
391 733 593 818 peritioribus
618 732 834 815 persuadeam.

257 827 422 891 Postremo
457 825 576 902 restat,
610 823 646 887 ut
682 823 719 887 de
755 825 880 888 auctora
916 823 967 888 vel
997 822 1104 905 potius
1138 821 1176 886 de
1201 822 1381 887 auctoribus

150 915 359 999 epistularum
390 933 489 996 pauca
520 913 671 979 dicamus,
720 910 887 990 Quaeritur
918 913 1018 992 enim,
1051 911 1156 977 sintne
1188 929 1296 976 omnes
1328 931 1382 976 ser

151 1005 306 1088 epistulae
324 1003 426 1070 eidem
442 1003 561 1068 auctori
579 1001 811 1070 adscribendae.
860 1000 1040 1067 Sermonem
1058 1001 1184 1084 quidem
1200 1021 1257 1084 per
1273 1020 1381 1066 omnes

151 1095 305 1178 epistulas
330 1093 463 1158 eundem
489 1093 552 1157 fere
577 1109 645 1156 csse
669 1091 821 1160 uidemus.
869 1091 913 1158 Ut
932 1091 1059 1175 singula
1075 1091 1229 1173 quaedam
1245 1091 1382 1172 afferam,

150 1204 209 1250 von
234 1203 312 1266 quae
337 1184 386 1248 est
409 1178 490 1270 ἧττα
513 1182 546 1246 in
571 1181 824 1246 conclusionibus
850 1182 881 1246 et
906 1181 1060 1264 epistulae
1083 1181 1197 1246 tertiae
1215 1183 1246 1246 et
1262 1181 1382 1264 primae

152 1273 294 1339 adhibita
330 1275 396 1349 est;
436 1273 512 1336 item
553 1270 689 1336 formula
723 1271 829 1347 καλῶς
864 1281 1040 1348 ποιοῦντες
1069 1271 1188 1353 pariter
1218 1270 1251 1334 iu
1279 1270 1382 1336 tribus

150 1363 262 1446 primis
287 1362 451 1447 epistulis,
485 1361 604 1426 locutio
637 1379 715 1443 quae
747 1361 797 1424 est
820 1359 877 1426 ἐπὶ
900 1386 966 1428 croc
989 1357 1074 1427 εἶναι
1102 1361 1134 1425 et
1158 1379 1205 1443 ep.
1230 1360 1271 1440 ΙΙ,
1296 1361 1383 1426 2Οᾶ

151 1455 211 1541 γὰρ
236 1446 289 1540 ἐφ’
313 1451 435 1538 ἑτέραις
459 1449 549 1516 bocla
578 1452 609 1515 et
641 1469 688 1532 ep.
713 1451 737 1528 l,
764 1450 804 1515 15
829 1443 882 1538 ἐφ’
912 1449 992 1534 ὑμῖν
1024 1449 1116 1516 ἰεστιαΙ
1138 1450 1314 1526 invenitur3
1347 1451 1383 1514 ut

152 1562 200 1624 ep.
230 1543 256 1620 I,
282 1544 322 1606 16
355 1542 401 1606 ita
433 1541 529 1605 etiam
561 1559 607 1622 ep.
640 1539 739 1619 lV,3
771 1539 944 1621 explicatur
977 1539 1225 1605 Atheniensibus
1260 1539 1382 1604 faustas

152 1631 254 1696 sortes
287 1631 420 1696 oraculis
457 1629 548 1694 datas
585 1648 672 1705 csse;
709 1629 850 1693 conferas
883 1629 979 1694 etiam
1011 1649 1058 1712 ep.
1091 1630 1149 1709 HI,
1180 1631 1224 1694 34
1259 1629 1384 1716 πολλῆς

152 1719 243 1787 ἐστιν
266 1719 421 1808 εὐηθείας
443 1723 563 1804 μεστός
594 1720 626 1782 et
650 1737 696 1800 ep.
721 1718 775 1797 IV,
802 1719 840 1783 11
867 1724 1052 1807 παρρησίας
1074 1722 1193 1803 μεστός
1201 1743 1210 1800 ,·
1242 1720 1311 1783 tum
1334 1719 1383 1783 lo·

152 1811 235 1875 cutio
260 1828 338 1893 quae
363 1810 412 1874 est
435 1814 570 1895 τρέπειν
593 1808 639 1885 εἷς
661 1809 825 1896 κεφαλήν,
860 1808 897 1873 de
924 1809 984 1874 diis
1009 1809 1110 1888 diota,
1135 1809 1166 1873 et
1190 1827 1237 1891 ep.
1261 1807 1316 1888 IV,
1342 1809 1384 1874 10

153 1903 185 1964 et
209 1919 256 1982 ep.
280 1899 334 1979 VI,
361 1901 377 1963 1
402 1899 519 1964 tradita
544 1901 601 1966 est.
648 1897 697 1962 Ne
730 1901 874 1979 quartam
906 1898 1033 1980 quidem
1065 1898 1235 1982 epistulam
1257 1899 1383 1963 tantum

152 2009 170 2054 a
194 1989 296 2055 tribus
320 1988 432 2071 primis
457 1987 604 2070 epistulis
629 1987 746 2052 distare
771 1988 914 2068 arbitror,
938 1990 1091 2069 quantum
1106 1987 1251 2053 Blassius
1264 1986 1289 2072 1)
1313 1987 1383 2070 qui·

152 2079 224 2144 dem
255 2081 367 2162 putare
398 2077 531 2146 uidetur.
579 2077 695 2142 Omnes
728 2096 799 2142 vero
833 2077 986 2160 epistulas
1018 2079 1142 2144 nostras
1175 2097 1210 2142 eo
1242 2079 1383 2160 tempore

153 2168 344 2250 compositas
377 2186 446 2232 esse
477 2186 608 2246 censeo,
641 2186 700 2248 quo
733 2167 957 2232 Demosthenis
982 2186 1081 2251 genus
1113 2166 1237 2232 dicendi
1267 2167 1301 2232 iu
1324 2185 1383 2232 usu

153 2259 237 2334 erat;
262 2257 294 2322 id
319 2257 401 2340 quod
424 2257 569 2321 Blassius
595 2256 662 2340 ipse
686 2274 757 2340 pag.
782 2258 848 2322 394
864 2256 902 2320 de
927 2259 1038 2339 quarta
1062 2257 1199 2340 epistula
1223 2256 1384 2322 concedit:

153 2348 238 2425 „Das
256 2345 468 2412 Schriitstrich
483 2348 528 2411 ist
544 2346 611 2412 also
636 2345 739 2429 gleich
763 2346 917 2410 manchon
940 2347 1096 2411 unechtcu
1112 2346 1220 2412 Redeu
1243 2346 1277 2410 in
1298 2346 1384 2411 einer

151 2437 221 2502 Zeit
243 2436 395 2516 versasst,
428 2456 474 2501 wo
507 2435 558 2500 die
589 2435 770 2518 Principien
802 2435 856 2500 des
884 2435 1191 2502 Demosthenischen
1225 2434 1302 2502 Stils
1338 2435 1383 2500 irn

152 2525 280 2592 Gauaen
303 2527 383 2592 noch
406 2526 451 2590 im
474 2525 689 2590 Bewusstsein
713 2525 849 2594 lebten.“

257 2615 409 2682 Attamen
441 2615 468 2680 si
500 2634 676 2680 sermonem
707 2615 866 2680 mittimus
899 2617 931 2682 et
961 2635 1011 2680 res
1043 2617 1150 2699 gestas
1178 2616 1212 2680 in
1236 2615 1382 2698 epistulis

151 2708 414 2772 commemoratas
449 2707 612 2788 totamque
647 2705 803 2769 rationem
836 2705 883 2770 rei
920 2705 1102 2771 tractandae
1138 2705 1383 2786 consideramus,

151 2796 220 2860 sine
245 2795 338 2861 dubio
364 2795 500 2860 secunda
523 2795 679 2876 tertiaque
704 2795 842 2876 epistula
864 2796 958 2878 longe
974 2794 1268 2878 praestantissimae
1293 2798 1382 2871 sunt;

152 2903 230 2968 quas
263 2885 389 2967 quidem
424 2885 462 2950 ab
495 2884 604 2950 eodem
637 2886 762 2948 auctore
794 2885 952 2950 confectas
988 2903 1057 2950 esse
1088 2884 1292 2950 manifestum
1324 2886 1381 2952 est.

152 2974 299 3039 Vidimus
324 2977 430 3040 autem
455 2974 549 3039 huius
574 2973 711 3038 auctoris
736 2973 901 3039 scientiam
927 2993 1032 3040 eorum
1057 2977 1244 3056 temporum,
1269 2973 1383 3057 quibus

153 3064 384 3130 Demosthenes
410 3064 497 3143 uixit,
521 3061 604 3128 haud
629 3063 817 3129 mediocrem
842 3083 911 3130 esse
928 3083 1061 3146 eumque
1078 3067 1179 3129 artem
1194 3064 1384 3130 rhetoricam

150 3153 302 3237 profiteri.
349 3155 467 3218 Tamen
500 3153 785 3219 demonstrauimus
817 3173 888 3219 curn
922 3156 954 3219 et
986 3173 1104 3220 errores
1129 3153 1328 3220 commisisse
1352 3156 1385 3219 et

151 3244 310 3310 rhetorica
333 3244 410 3309 adeo
435 3243 609 3322 adamasse,
633 3245 669 3308 ut
693 3245 789 3310 etiam
813 3245 950 3328 logicam
966 3244 1122 3309 rationem
1138 3244 1305 3328 neglegere
1321 3263 1384 3310 nou

151 3335 321 3402 vereretur.
369 3332 430 3398 Sed
455 3334 551 3398 etiam
575 3333 772 3415 eloquentiae
797 3335 900 3417 magis
925 3335 1088 3417 magisque
1105 3335 1268 3416 corruptae
1286 3333 1383 3400 vesti-

151 3421 205 3506 gia
235 3422 426 3503 invenimus,
459 3442 537 3505 quae
560 3423 678 3488 maiore
708 3424 857 3489 libertate
888 3424 921 3488 in
946 3423 1091 3505 epistulis
1115 3423 1268 3505 permissa
1293 3442 1383 3487 excu-

152 3511 216 3576 sari
239 3531 302 3577 nou
326 3515 470 3595 possunt.
517 3513 741 3578 Demosthenis
767 3514 873 3578 autem
898 3531 1074 3578 sermonem
1106 3515 1214 3578 auctor
1236 3513 1382 3577 imitatus

152 3603 202 3667 est
226 3604 258 3667 et
281 3603 449 3669 nonnullos
473 3603 559 3668 locos
594 3621 630 3667 ex
662 3603 728 3668 eius
754 3603 948 3668 orationibus
971 3602 1005 3666 iu
1030 3602 1182 3684 epistulas
1206 3601 1382 3670 transtulit.

152 3688 314 3757 Secundae
329 3693 506 3776 tertiaeque
522 3692 677 3774 epistulae
694 3693 726 3758 iu
746 3691 927 3758 universum
948 3691 1064 3757 similis
1089 3693 1139 3758 est
1153 3692 1263 3774 prima,
1289 3711 1383 3774 quare

152 3780 295 3847 eiusdem
328 3784 464 3848 auctoris
497 3801 567 3848 eam
599 3800 668 3847 esse
700 3783 844 3851 arbitror.
890 3782 985 3848 Haud
1015 3781 1061 3847 ita
1089 3783 1175 3847 certa
1197 3801 1248 3847 res
1273 3785 1322 3846 est
1345 3781 1383 3846 de

151 3873 264 3953 quarta
288 3872 425 3954 epistula
449 3891 548 3955 neque
573 3871 744 3938 diiudicare
769 3873 877 3954 audeo,
905 3873 987 3937 sitne
1011 3871 1088 3937 haec
1108 3890 1230 3954 quoque
1247 3871 1384 3954 epistula

151 3962 272 4027 auctori
307 3962 405 4027 trium
439 3963 611 4045 primarum
651 3962 861 4030 attribuenda.
915 3961 1065 4042 Quintam
1102 3961 1184 4026 alius
1220 3961 1384 4028 cuiusdam

151 4051 289 4117 auctoris
315 4070 384 4118 esse
406 4053 595 4134 putaverim.
642 4053 689 4117 De
714 4054 802 4118 sexta
826 4051 960 4135 denique
985 4051 1140 4134 epistula,
1164 4051 1237 4133 quia
1260 4051 1384 4118 brevior

151 4141 210 4222 est,
235 4143 356 4208 certum
378 4142 530 4207 iudicium
553 4141 627 4207 ferri
651 4161 713 4208 non
735 4144 850 4225 potest.

262 4285 287 4353 1)
307 4285 341 4339 D.
361 4301 384 4340 a.
403 4283 527 4339 Beredts.
546 4281 598 4353 111,
620 4286 642 4350 1,
662 4287 722 4338 394.

615 4465 915 4494 ἁψ-
