3288 5070
837 349 996 470 —n—

302 561 363 655 ydp
387 556 445 631 iaci
468 567 505 632 τὸ
529 567 618 632 πολὺ
641 567 672 632 σί
695 568 876 634 τελευταῖοι
898 573 1086 657 κρινόμενοι
1109 576 1286 657 σῴζονται·
1320 577 1525 655 πεπαυμένοι

301 659 362 744 γὰρ
386 667 444 743 τῆς
467 656 563 744 όρχῆς
593 654 705 722 αὐτῶν
729 656 895 746 ἀκροᾶσθε
926 661 980 724 καὶ
1010 661 1088 736 τοὺς
1111 659 1261 746 ἐλέγχους
1291 661 1349 749 ἤδη
1373 662 1526 739 θέλοντες

302 745 522 828 ἀποδέχεσθε.
568 745 785 812 Nihilominus
817 748 897 814 hanc
929 750 1013 814 certe
1045 769 1106 814 non
1130 749 1228 815 fuisse
1263 769 1369 814 veram
1404 771 1525 816 oausam

301 834 469 900 dicendum
494 836 559 915 est,
584 837 632 902 ob·
648 855 740 918 quam
764 837 995 902 Demosthenes
1020 838 1244 904 condemnatus
1269 840 1321 908 sit.
1368 841 1468 906 Immo
1491 844 1524 906 ut

299 945 367 990 rem
391 945 485 1008 qnam
507 925 694 991 brevissime
718 927 897 1008 absolvam,
927 929 1176 994 Demosthenem
1199 931 1327 1011 propter
1350 930 1525 994 universam

299 1017 384 1082 viam
415 1017 649 1098 rationemque,
685 1036 748 1098 qua
779 1036 814 1082 eo
847 1019 988 1100 tempore
1018 1018 1162 1101 publicas
1194 1038 1243 1082 res
1276 1018 1428 1102 gerendas
1461 1039 1525 1084 esse
1627 1097 1628 1108 ρ

300 1106 511 1185 existimabat,
537 1105 779 1170 condemnatum
797 1126 866 1172 esse
883 1126 1004 1176 censeo.
1051 1109 1168 1191 Magna
1185 1109 1269 1172 enim
1286 1128 1357 1172 cum
1374 1109 1526 1191 sapientia
1627 1129 1628 1140 ¹

298 1197 335 1260 ut
366 1196 446 1260 mihi
477 1214 664 1278 persuasum
689 1197 737 1261 est
761 1215 832 1262 cum
855 1216 929 1280 rege
953 1197 1161 1262 Macedonum
1185 1217 1294 1281 pacem
1319 1217 1442 1262 servare
1465 1199 1525 1264 uti-

297 1285 458 1350 lissimum
488 1285 609 1354 habuit.
657 1283 725 1365 Qua
755 1305 788 1350 re
819 1288 923 1352 neutri
955 1287 1038 1370 parti
1071 1287 1252 1352 satisfacere
1277 1288 1397 1370 potuit,
1430 1308 1525 1370 neque
1627 1349 1628 1362 .

297 1374 348 1454 iis,
374 1377 427 1457 qui
452 1393 576 1458 semper
591 1375 818 1442 Macedonibus
842 1377 999 1455 favebant,
1024 1396 1124 1459 neque
1147 1377 1199 1455 iis,
1224 1377 1276 1458 qui
1300 1379 1336 1442 ut
1352 1378 1524 1460 Hyperides
1627 1403 1628 1432 r

298 1465 383 1529 omni
419 1464 511 1529 modo
547 1465 657 1548 iugum
689 1466 852 1531 servitutis
885 1468 923 1532 ab
954 1467 1021 1530 illis
1053 1467 1123 1531 urbi
1154 1467 1339 1548 impositum
1372 1467 1525 1549 depellere

297 1554 501 1622 conabantur.
548 1555 682 1638 Utrique
713 1558 819 1622 autem
850 1557 1034 1636 effecerunt,
1066 1558 1102 1621 ut
1126 1555 1357 1622 Demosthenes
1390 1557 1526 1622 etiama
1627 1631 1628 1640 .

296 1645 413 1726 populo
445 1644 641 1710 desereretur
672 1647 766 1728 atque
798 1647 1065 1714 condemnaretur.
1113 1646 1161 1710 De
1184 1646 1243 1711 hac
1266 1647 1372 1712 tamen
1397 1665 1469 1711 vera
1491 1649 1526 1711 ut
1627 1647 1628 1712 ξ

296 1735 373 1816 puto
407 1753 501 1799 causa
531 1733 564 1798 in
589 1736 735 1817 epistulis
761 1755 949 1802 sermonen
974 1739 1023 1801 est
1046 1735 1108 1800 nisi
1132 1735 1191 1800 hcc
1214 1735 1349 1801 fortasse
1371 1736 1457 1801 loco:
1489 1737 1524 1800 τό
1627 1769 1628 1820 3

294 1825 335 1908 χὰ
387 1829 433 1910 τῷ
463 1828 602 1911 τοιούτῳ
634 1834 754 1892 τοῦτον
785 1827 843 1892 τὸν
874 1830 1001 1912 τρόπον
1031 1831 1212 1912 κεχρῆσθαι
1242 1823 1314 1909 ἐμοὶ
1336 1827 1398 1908 μὲν
1425 1826 1467 1891 ἂν
1489 1820 1525 1891 εὖ
1627 1823 1628 1850 ¹

295 1849 354 2086 ρῖός
380 1915 431 2067 {ih
450 1919 573 2088 ἑρανείη
596 1917 760 2002 συμφορὰ,
778 1915 1084 1999 attractumque,
1102 1913 1243 2002 ὑμετέρα
1259 1915 1294 1980 δὲ
1310 1914 1525 2002 ἀγνωμοσύνη

310 2022 358 2085 ep.
417 2054 424 2081 ,
486 2055 493 2069 .

400 2093 507 2159 Etiam
532 2095 694 2177 complure
717 2113 798 2160 nova
820 2095 854 2158 in
877 2095 1009 2176 utraque
1034 2094 1172 2176 epistula
1195 2093 1321 2173 insunt,
1346 2112 1425 2176 quae
1449 2095 1525 2160 alibi

293 2183 384 2247 nobis
408 2202 471 2248 non
494 2183 613 2249 tradita
637 2185 721 2252 sunt.
768 2183 894 2249 Novum
919 2187 977 2263 est,
1002 2183 1084 2266 quod
1104 2183 1135 2248 in
1154 2184 1291 2248 extrema
1308 2186 1397 2266 parte
1413 2185 1525 2249 tertiae

294 2272 448 2354 epistulae
479 2273 616 2358 legimus
639 2269 897 2357 Aristogitonem
923 2273 1008 2338 omni
1040 2274 1133 2356 culpa
1155 2273 1326 2338 liberatum
1352 2293 1430 2342 esse.
1477 2275 1525 2338 Ibi

293 2363 377 2426 enim
401 2362 502 2428 fusius
527 2364 716 2446 explicatur,
742 2384 836 2446 quarn
859 2365 1013 2429 iniustum
1037 2365 1080 2428 sit
1104 2363 1142 2428 ob
1168 2363 1293 2428 casdem
1316 2382 1367 2428 res
1391 2364 1526 2440 Demos-

291 2451 420 2517 thenem
444 2453 659 2534 condemnari,
683 2456 812 2536 propter
835 2473 912 2537 quas
936 2453 1112 2536 Aristogitc
1136 2453 1290 2518 liberatus
1316 2453 1358 2518 sit
1383 2458 1440 2536 (ep.
1466 2453 1524 2533 HI,

291 2542 335 2606 37
359 2544 391 2606 et
413 2544 478 2620 42).
526 2544 647 2608 Deinde
671 2545 705 2608 in
730 2544 876 2625 epistulis
901 2543 1037 2608 traditur
1053 2543 1301 2610 Demosthenem
1317 2563 1414 2607 unum
1430 2543 1524 2608 resti-

290 2631 386 2711 tisse,
412 2632 465 2714 qui
489 2632 522 2696 in
545 2652 647 2715 poena
681 2635 784 2710 esset,
817 2653 904 2712 cum,
929 2631 1117 2716 quicumque
1142 2632 1237 2698 simul
1262 2651 1334 2697 curn
1360 2651 1394 2698 eo
1420 2634 1527 2697 essent

292 2723 441 2799 accusati,
459 2724 513 2786 aut
528 2722 657 2790 liberati
674 2723 781 2788 essent
797 2725 852 2788 aut
865 2723 1037 2788 solvissent
1050 2723 1133 2804 quod
1145 2723 1338 2790 debuissent.
1375 2723 1526 2788 Precatur

292 2810 376 2875 enim
400 2812 631 2878 Demosthenes
663 2823 720 2900 τῆς
750 2811 865 2896 ὁμοίας
895 2824 1007 2894 τυχεῖν
1033 2818 1195 2900 σωτηρίας
1218 2823 1287 2888 τοῖς
1309 2819 1377 2877 τῶν
1401 2811 1526 2896 ὁμοίιον
1627 2811 1628 2848 ³

291 2899 406 2968 αἰτιῶν
429 2907 619 2990 τετυχηκόσι
646 2904 700 2968 καὶ
716 2905 760 2990 μὴ
775 2906 878 2985 μόνος
900 2897 939 2968 δι’
966 2902 1075 2968 αἰτίαν
1099 2902 1206 2988 ψευδῆ
1231 2911 1288 2988 τῆς
1312 2902 1525 2989 πατρίδος-

291 2988 564 3079 ἀποοτερηόῆναι
597 2992 658 3076 (ep.
682 2993 732 3073 H,
764 2993 808 3076 2).
855 2992 945 3056 Idem
969 2992 1088 3074 legitur
1111 3011 1158 3074 ep.
1184 2990 1232 3070 II,
1260 2992 1316 3056 16:
1355 2989 1527 3078 ἐπειδὴδὲ

289 3080 396 3157 καλῶς
419 3090 596 3158 ποιοῦντες
619 3091 703 3147 πᾶσι
719 3094 787 3158 τοῖς
810 3081 847 3147 ἐν
870 3093 942 3158 ταῖς
966 3081 1085 3158 αἰτίαις
1100 3081 1286 3168 όιήλλαχόε,
1313 3079 1411 3162 κάμοὶ
1434 3079 1526 3144 διαλ-

289 3168 416 3255 λάγητε.
464 3169 542 3235 Cum
573 3171 624 3236 his
657 3190 720 3236 non
750 3171 843 3252 plane
868 3188 1037 3252 congruere
1061 3170 1203 3250 videtur,
1236 3167 1318 3252 quod
1343 3189 1389 3251 ep.
1414 3169 1455 3247 Π,
1481 3170 1524 3234 21

290 3256 421 3322 dicitur:
458 3265 661 3348 ψηφίσασθέ
690 3285 748 3342 μοι
778 3269 898 3342 ταῦτα,
932 3263 953 3324 ἃ
983 3262 1037 3324 καὶ
1068 3260 1288 3336 &itineraretur
1311 3259 1380 3347 ἤδη.
1429 3259 1527 3324 Melit

288 3346 424 3413 fortasse
449 3349 606 3431 quispiam
630 3350 695 3433 legi
718 3360 787 3426 τοῖς
809 3349 928 3431 ἄλλοις,
954 3368 1055 3432 neque
1079 3351 1186 3414 tamen
1208 3367 1242 3413 eo
1260 3367 1338 3430 opus
1356 3349 1414 3428 est,
1432 3348 1527 3413 dum-

288 3437 381 3502 modo
412 3439 496 3504 hunc
526 3439 632 3504 locum
663 3441 747 3504 recte
778 3439 1030 3522 interpretemur.
1078 3439 1189 3522 Neque
1221 3438 1304 3503 enim
1337 3457 1445 3503 omnes
1476 3439 1527 3503 rei

288 3527 486 3593 aiudicibus
516 3528 644 3594 liberati
676 3531 765 3607 sunt,
798 3529 853 3594 sed
877 3529 1028 3594 Dinarchi
1060 3529 1146 3608 loco,
1179 3547 1271 3610 quem
1295 3527 1403 3610 paullo
1429 3547 1527 3610 supra

287 3617 505 3697 laudavimus,
538 3620 663 3700 praeter
685 3619 933 3684 Demosthenem
959 3619 1056 3684 etiam
1079 3619 1254 3682 Demadem
1279 3617 1526 3682 condemnatum

288 3725 358 3771 esse
382 3707 530 3772 docemur
554 3709 638 3786 (Din.
663 3709 704 3788 II,
732 3709 794 3788 15).
843 3707 1003 3792 Suspicari
1028 3711 1135 3772 autem
1157 3707 1277 3786 licebit,
1304 3726 1375 3771 eum
1391 3707 1527 3773 Demos·

286 3797 415 3862 thenem
447 3798 550 3863 solum
577 3818 678 3881 poena
701 3799 803 3863 teneri
826 3799 859 3862 in
884 3798 1030 3881 epistulis
1054 3798 1213 3878 tradatur,
1246 3796 1381 3862 Demadi
1415 3797 1525 3879 aliquo

286 3886 378 3951 modo
415 3889 539 3952 veniam
575 3888 682 3953 datam
717 3907 796 3956 esse.
856 3887 934 3953 Cum
969 3887 1068 3970 igitur
1099 3890 1191 3952 antea
1221 3886 1454 3952 Demosthenes
1489 3887 1528 3950 in

286 3976 467 4041 universum
490 3981 635 4060 precatus
660 3979 719 4056 sit,
754 3980 788 4042 ut
812 3978 874 4042 sibi
899 3997 1020 4060 quoque
1043 3979 1080 4042 ut
1104 3978 1215 4042 ceteris
1241 3977 1387 4042 omnibus
1411 3975 1526 4060 ignos-

286 4068 384 4144 catur,
404 4067 464 4132 hoo
478 4067 548 4134 loco
564 4070 670 4151 petere
687 4068 820 4147 uidetur,
837 4069 873 4132 ut
889 4068 974 4132 idern
994 4067 1055 4132 sibi
1072 4067 1269 4146 concedatur,
1287 4065 1369 4148 quod
1385 4065 1527 4130 fortasse

286 4154 342 4219 alii
366 4155 493 4238 quidam
518 4157 624 4240 (ditor
647 4158 756 4242 τινές),
777 4159 813 4222 ut
828 4157 997 4236 Demades,
1022 4157 1129 4240 adepti
1153 4159 1226 4236 sint,
1252 4156 1305 4238 qui
1330 4174 1527 4238 quamquam

284 4243 423 4326 primum
447 4247 574 4330 quidem
594 4247 657 4330 ipsi
674 4267 795 4330 quoque
813 4246 1013 4312 condemnati
1030 4249 1127 4326 erant,
1144 4249 1255 4330 postea
1270 4248 1378 4310 tamen
1394 4245 1528 4310 veniam

284 4335 541 4417 impetraverunt.
588 4337 714 4402 Novum
736 4357 828 4421 porro
853 4337 913 4402 hoo
937 4339 998 4417 est,
1024 4337 1107 4420 quod
1131 4336 1303 4419 accipimus
1327 4335 1525 4400 Demosthe-

284 4443 356 4489 nem
388 4425 483 4492 fidem
513 4427 673 4511 publicam
704 4428 884 4510 postulasse
907 4446 1008 4510 neque
1031 4445 1104 4492 vero
1130 4427 1332 4492 consecutum
1357 4443 1425 4490 esse
1450 4423 1527 4512 (καὶ
