3288 5070
715 337 757 418 lt

124 548 226 616 Sermo
251 550 374 614 nullam
396 553 461 617 fere
484 551 614 633 praebet
638 552 858 626 offensionem3
884 553 920 616 ut
936 570 1008 616 vero
1025 552 1084 616 hoc
1101 553 1212 617 statim
1227 553 1351 632 addam,

122 639 208 704 illam
231 639 440 720 locutionem,
473 660 552 722 quae
577 642 625 706 est
657 640 703 718 εἰς
724 642 873 728 κεφαλὴν
903 640 1014 706 αὐτῶν
1038 647 1198 726 τρέψειαν
1222 643 1351 708 οῖ”θεοί

123 730 150 812 (ξ
175 733 215 808 1),
241 729 339 794 etiam
362 731 395 795 in
420 733 531 812 quarta
555 731 691 813 epistula
708 731 737 813 (ξ
758 732 809 808 10)
826 731 1030 812 repperimus,
1078 732 1196 796 Tamen
1215 733 1352 814 epistula

124 820 205 883 serta
231 819 282 883 est
305 820 446 895 brevior,
478 840 572 902 quam
603 821 639 884 ut
670 823 791 884 eertum
821 820 973 884 iudicium
998 820 1036 884 de
1066 821 1132 885 eius
1164 822 1352 887 auctoritate

126 909 200 974 lerre
226 908 397 990 possimus.

224 997 394 1080 Reliquum
426 1001 491 1079 est,
524 1001 560 1063 ut
588 999 625 1064 de
650 999 857 1082 epistularum
882 1017 1024 1064 sermone
1049 999 1258 1076 disseramus;
1292 1021 1351 1083 qno

123 1088 199 1152 facto
224 1107 286 1152 non
310 1089 415 1153 minus
433 1108 526 1170 quam
552 1107 587 1152 ex
604 1089 653 1168 iis,
670 1108 748 1171 quae
766 1089 866 1153 adhuc
881 1088 1081 1170 protulimus,
1098 1089 1243 1172 intellegi
1259 1109 1352 1172 posse

124 1177 265 1241 existimo
299 1178 452 1259 epistulas
477 1177 527 1242 vix
551 1197 644 1261 pesse
668 1178 877 1243 Demostheni
902 1177 1063 1246 vindicari.
1111 1178 1148 1242 In
1172 1179 1353 1244 universum

124 1268 225 1332 autem
256 1269 381 1331 constat
411 1267 444 1331 in
477 1267 623 1350 epistulis
655 1267 806 1332 maiorem
838 1267 995 1349 quandam
1025 1266 1148 1332 dicendi
1171 1268 1353 1334 libertatem

124 1375 213 1438 quam
243 1355 276 1420 in
309 1356 503 1422 orationibus
534 1357 723 1440 permissam
755 1376 833 1425 esse.
880 1357 930 1421 Ita
961 1375 1000 1421 ne
1032 1357 1185 1422 Isocrates
1216 1358 1352 1440 quidem,

124 1447 173 1527 qui
196 1445 229 1508 iu
253 1446 448 1512 orationibus
472 1447 595 1512 hiatum
619 1447 683 1511 iere
701 1447 838 1512 omnimo
855 1446 995 1530 fugitis
1012 1446 1157 1528 epistulis
1174 1447 1208 1510 in
1226 1448 1352 1513 vitando

122 1535 208 1600 hiatu
232 1537 298 1600 tam
323 1535 512 1619 diligentem
536 1555 569 1600 se
591 1537 729 1618 praebet.
778 1535 863 1615 Quae
881 1555 951 1600 cnm
968 1535 1015 1600 ita
1032 1537 1105 1610 siut,
1122 1536 1160 1600 de
1177 1536 1353 1602 elocutione

123 1625 298 1689 nostrarum
323 1625 529 1708 epistularum
553 1625 637 1690 haud
660 1626 706 1690 ita
731 1643 838 1690 severe
861 1625 1081 1694 iudicabimus.
1129 1626 1246 1690 Tamen
1263 1627 1296 1690 in
1312 1627 1352 1691 iis

123 1713 261 1778 muita
252 1733 356 1780 messe
373 1717 482 1818 puoto,
514 1734 593 1797 quae
621 1735 660 1778 ne
683 1715 802 1780 maiore
825 1714 883 1778 illa
907 1713 1034 1796 quidem
1057 1715 1205 1780 libertae
1230 1716 1354 1780 dicendi

123 1804 262 1868 excusari
294 1805 428 1886 possint
405 1803 717 1871 tOoncedeudum
750 1823 824 1869 sane
857 1805 917 1868 erit
948 1803 1123 1870 colorem
1114 1823 1147 1867 1n
1171 1806 1354 1870 uuiversum
1453 1823 1455 1826 ·

123 1911 191 1958 6666
213 1894 351 1958 Demost
352 1894 508 1962 bonicum.
557 1893 618 1959 Sed
648 1894 822 1976 permultas
855 1912 945 1958 voees
970 1895 1002 1958 et
1024 1894 1199 1959 locutiones
1225 1914 1353 1960 enume-

121 1983 277 2061 rabimus,
309 2002 387 2064 quae
421 1983 686 2048 aDemosthenis
717 2002 803 2048 more
836 1983 959 2048 dicendi
990 1983 1084 2065 plane
1116 1983 1237 2048 alienae
1269 1987 1353 2054 suut

120 2074 200 2137 Rern
232 2034 337 2136 auiam
369 2073 415 2137 ita
444 2073 667 2152 instituamus,
698 2075 734 2137 ut
763 2073 901 2156 primum
930 2072 967 2136 de
993 2073 1116 2138 delectu
1142 2075 1173 2140 et
1197 2075 1355 2138 structura

122 2161 320 2246 singulorum
343 2163 576 2242 vocabulorum,
601 2161 713 2226 deinde
738 2162 775 2226 (16
800 2163 954 2227 sermonis
972 2163 1133 2226 ortuatue
1149 2163 1300 2246 liguriat
1301 2184 1353 2228 um

121 2252 160 2316 (16
183 2252 412 2333 compositione
437 2253 666 2320 sententiarum
690 2251 897 2334 disputemus.
905 2252 926 2329 1)

229 2335 396 2407 Ordiamur
426 2328 525 2424 igitur
556 2361 574 2406 a
606 2341 793 2406 delectut
762 2345 832 2406 ets
817 2343 975 2406 structura
999 2340 1195 2424 singulorum
1219 2343 1355 2406 vocabu·

120 2432 234 2500 lorum

228 2520 332 2585 Verba
356 2520 493 2602 quidem,
518 2539 596 2603 quae
620 2522 674 2584 aut
699 2521 946 2585 aDemosthene
971 2520 1097 2584 omnino
1122 2539 1193 2600 non,
1215 2522 1270 2585 aut
1285 2540 1354 2585 raro

120 2610 265 2676 adhibita
289 2613 371 2688 sunt,
397 2611 451 2674 aut
475 2629 553 2692 quae
577 2610 731 2693 singulari
755 2610 847 2675 medo
871 2611 1071 2692 usurpantur,
1097 2628 1244 2674 enumero
1262 2610 1353 2675 haee:

229 2699 399 2783 ἀβουλεῖν,
434 2719 481 2782 ep.
511 2700 561 2779 ΙΙ,
596 2701 634 2764 17
668 2697 717 2764 ’ἑτι
747 2696 777 2765 d'
811 2695 882 2765 obd’
917 2698 1003 2782 ὑμᾶς
1026 2697 1179 2785 ἐνόμιζον
1202 2699 1356 2783 ἀβουλεῖν

119 2789 183 2873 ἔξω
214 2813 253 2872 με
278 2789 555 2877 προπηλακισμοῦ
578 2794 744 2874 γενέσθαι.
793 2789 931 2853 Verbum
954 2788 1107 2872 ἀβουλεῖν
1132 2789 1214 2871 apud
1237 2790 1355 2854 Demo-

121 2879 267 2943 sthenem
292 2898 351 2944 non
376 2879 509 2962 legit-ur,
541 2879 660 2962 legitur
683 2877 765 2960 apud
788 2879 974 2957 Platonem,
998 2878 1135 2960 pesteris
1159 2879 1354 2961 temporibus

121 2967 208 3050 apud
234 2965 378 3032 Cassium
401 2968 538 3034 Dionem
561 2968 703 3049 aliosque
727 2967 904 3050 scriptores.

231 3055 394 3143 ἀνάλλειν,
422 3077 468 3141 ep.
493 3057 548 3137 IV,
575 3059 613 3122 11
639 3060 769 3134 τούτοις
792 3059 853 3144 τὴν
876 3059 1026 3124 διάνοιαν
1050 3057 1241 3143 &ceillerum
1273 3054 1355 3139 quod

234 3342 259 3412 1)
279 3341 322 3397 Ad
339 3344 408 3398 hanc
427 3345 532 3413 partem
552 3342 786 3396 commentationis
805 3343 928 3396 conferas
947 3346 1054 3412 praeter
1072 3341 1139 3396 alios
1158 3341 1355 3398 Rehdantzium

117 3434 147 3487 in
170 3433 304 3487 indioibns
324 3434 359 3488 ad
370 3433 562 3488 Demosthenis
581 3449 676 3487 novem
696 3432 830 3486 orationes
843 3431 1017 3500 Philippicas,
1038 3431 1160 3502 Siggium
1172 3433 1200 3486 iu
1214 3433 1355 3488 annalibus

116 3523 293 3592 philologieis
318 3523 415 3594 (suppl.
441 3523 488 3588 VI,
513 3540 539 3592 p.
563 3524 615 3574 417
636 3521 713 3590 seq),
730 3520 867 3574 Blassium
891 3521 920 3574 in
945 3521 1014 3575 libro
1033 3522 1050 3576 l.
1082 3522 1133 3575 Die
1160 3524 1209 3574 att.
1232 3521 1354 3576 Beredts.

115 3611 171 3679 ΠΙ,
193 3615 217 3676 1,
236 3630 262 3682 p.
277 3615 311 3666 98
326 3630 389 3682 seq,
410 3612 562 3666 Sehulzium
583 3612 611 3664 in
631 3609 829 3676 dissertatione,
849 3611 892 3664 cui
910 3611 1080 3665 inscribitur:
1100 3601 1308 3680 prolegomenon
1327 3612 1355 3665 in

118 3701 200 3755 Dem.
221 3719 289 3771 quae
309 3701 395 3756 fertur
413 3705 479 3756 orat.
500 3702 558 3756 adv.
578 3701 738 3771 Apaturium
766 3702 855 3771 capita
874 3701 941 3770 due,
967 3701 1075 3770 Lipsiae
1096 3703 1172 3765 1878,
1191 3716 1217 3770 p.
1238 3703 1272 3754 73
1291 3717 1355 3770 seq,

116 3791 341 3846 Schwebschium
360 3792 388 3845 in
408 3792 614 3859 dissertatione,
641 3807 709 3859 quae
729 3793 771 3845 est
789 3791 821 3844 de
841 3791 962 3845 oratioue
988 3807 1055 3859 quae
1081 3792 1175 3844 eontra
1193 3791 1355 3846 Leocharem

114 3898 131 3934 a
153 3881 234 3936 Dem.
255 3882 357 3952 scripta
375 3881 474 3950 fertur,
500 3881 620 3935 Berolini
641 3883 717 3945 1878,
737 3897 762 3949 p.
783 3882 817 3934 63
837 3897 901 3949 seq,
920 3880 1085 3935 Wiudelium
1108 3881 1137 3934 in
1156 3880 1354 3948 dissertatione,

114 3987 174 4040 qua
200 3971 290 4040 agitur
315 3971 347 4025 de
372 3973 493 4026 oratione
519 3987 585 4040 quae
610 3973 652 4024 est
677 3971 748 4024 inter
766 3970 989 4024 Demosthenicas
1008 3970 1087 4024 XVII
1105 3971 1144 4039 (in
1162 3986 1250 4040 progr.
1272 3970 1355 4024 schol.

112 4061 224 4126 Thom,
251 4061 360 4131 Lipsiae
388 4060 465 4129 1882)
490 4077 516 4129 p.
538 4063 571 4114 16
591 4076 654 4128 seq,
683 4059 794 4114 Uhlium
823 4061 851 4114 in
880 4060 1086 4128 dissertatione,
1114 4060 1157 4114 cui
1185 4059 1354 4114 inscribitur:

112 4151 294 4220 quaestiones
321 4151 353 4204 (16
380 4150 531 4204 orationum
555 4149 733 4204 Demostheni
757 4149 825 4203 falso
850 4149 1018 4204 addictarum
1044 4149 1234 4218 scriptoribus,
1258 4149 1355 4218 partic.

109 4241 215 4310 prima,
235 4240 308 4311 Lips.
331 4243 407 4308 1888,
427 4258 452 4310 p.
467 4239 501 4294 55
521 4255 575 4308 seq.
597 4241 625 4292 et
642 4239 671 4292 in
684 4239 910 4293 commentatione
929 4239 961 4294 de
974 4239 1170 4310 prooemiorum
1188 4239 1355 4292 collectionis

109 4345 188 4400 quae
218 4330 410 4385 Demosthenis
437 4327 545 4384 nomine
573 4327 658 4382 fertur
686 4330 789 4399 origiue
817 4329 855 4398 (in
881 4345 969 4399 progr.
997 4329 1130 4399 gymnasii
1155 4346 1198 4398 qu.
1225 4328 1250 4382 (1.
1275 4328 1356 4382 realis

109 4418 334 4475 Chemnitiensis
356 4421 444 4488 1885),
464 4437 489 4490 p.
510 4422 526 4472 6
547 4435 601 4486 seq.
