3288 5070
883 307 928 385 34

289 508 408 584 1111111
432 518 678 583 Demosthenem
703 519 862 583 mortuum
894 535 972 584 esse.
1020 515 1082 581 Sed
1113 517 1149 580 ut
1172 515 1268 580 etiam
1291 518 1376 596 tum,
1408 521 1479 581 cunr
1504 519 1520 581 e

291 626 413 674 carcere
438 608 591 690 effugerit,
609 606 772 672 Calauriae
796 626 866 671 eum
887 606 985 670 fuisse
1002 605 1175 682 credamus,
1200 606 1306 670 temen
1330 625 1401 670 cum
1425 626 1520 688 quee-

290 718 375 776 ram,
407 697 482 780 qnid
504 697 752 762 Demosthenem
784 715 979 761 commovere
1002 695 1157 778 potuerit,
1189 697 1225 758 ut
1246 695 1364 760 ibidem
1389 697 1521 778 supplex

291 789 323 852 in
348 785 423 851 aede
447 786 589 869 Neptuni
613 786 807 866 consideret,
837 805 900 850 non
923 785 1048 850 invenio
1078 783 1153 867 quid
1175 784 1391 866 respondeam.
1438 785 1522 849 Nam

292 896 363 941 cum
387 895 444 940 sua
468 881 580 958 sponte
604 876 637 939 in
662 876 807 940 exsilium
823 875 926 953 iverit,
950 875 1074 938 nullum
1090 875 1119 938 ei
1134 873 1309 956 periculum
1326 874 1522 952 imminebat,

293 967 367 1048 quin
391 965 488 1030 etiam
521 966 770 1047 omnitempore
795 965 823 1030 ei
846 963 988 1029 Athenas
1017 964 1118 1030 redire
1141 963 1267 1031 licebat.
1315 961 1404 1042 Quod
1427 963 1523 1028 tertia

292 1054 430 1138 epistula
458 1054 668 1122 confirmatur.
717 1054 800 1119 Nam
832 1073 868 1118 ex
899 1072 1069 1135 responso,
1101 1052 1183 1135 quod
1214 1053 1443 1117 Demosthenes
1468 1053 1524 1117 dat

290 1145 576 1226 interrogantibuS,
601 1143 676 1225 quid
701 1163 772 1208 enm
795 1145 975 1225 prohibeat,
1000 1143 1166 1225 quominus
1189 1141 1223 1205 in
1246 1142 1381 1224 patriam
1405 1142 1524 1219 redeat,

292 1235 395 1298 elucet
429 1233 488 1298 hoc
523 1232 552 1296 ei
587 1251 649 1298 non
678 1233 883 1298 interdictum
914 1251 983 1297 esse
1015 1237 1073 1313 (ep.
1104 1231 1165 1310 Ill,
1197 1232 1239 1296 39
1276 1236 1363 1314 seq.).
1411 1231 1524 1296 Nonne

291 1323 389 1407 igitur
413 1322 551 1405 suspicio
576 1322 675 1386 oritur
699 1322 853 1405 epistulae
878 1323 1037 1388 auctorem
1069 1320 1267 1386 commodam
1298 1320 1360 1385 sibi
1384 1321 1525 1386 occasio-

292 1431 364 1476 nem
389 1411 683 1476 commovendorum
708 1412 883 1476 animorum
900 1430 1009 1493 parare
1025 1409 1199 1488 studuisse,
1223 1413 1259 1474 ut
1275 1429 1328 1475 eos
1345 1410 1384 1474 ad
1400 1410 1525 1475 miscri-

293 1501 432 1566 cordiam
455 1501 625 1565 incitaret?
672 1499 783 1581 Quare,
808 1502 926 1583 opinor,
951 1519 1044 1583 quam
1069 1499 1246 1565 cautissimi
1276 1499 1309 1564 in
1334 1499 1525 1581 accipiendis

292 1591 343 1668 iis,
368 1609 446 1673 quae
470 1592 579 1654 auctor
603 1589 758 1673 epistulae
781 1590 889 1670 tradit,
914 1590 1013 1655 simus
1037 1607 1166 1654 necesse
1191 1591 1249 1668 est,
1273 1589 1420 1672 quoniam
1438 1589 1527 1671 cogi-

292 1680 355 1745 tari
378 1680 487 1761 potest
510 1682 669 1744 auctorem
694 1699 743 1745 res
768 1682 894 1764 gestas,
928 1680 955 1744 si
980 1698 1058 1761 opus
1083 1680 1166 1756 erat,
1192 1679 1287 1743 etiarn
1312 1680 1420 1744 contra
1443 1679 1527 1743 reri-

293 1771 392 1834 tatem
418 1768 457 1832 ad
483 1787 573 1832 suum
599 1769 798 1834 commodum
823 1771 855 1834 et
877 1787 970 1834 usum
994 1769 1191 1834 immutasse.
1237 1768 1287 1833 lta
1310 1767 1387 1832 fides
1405 1768 1527 1850 epistu-

292 1859 396 1923 larum
408 1857 501 1922 ralde
513 1857 722 1927 imminuitur.
758 1858 883 1924 Addere
897 1859 1030 1940 denique
1043 1858 1139 1923 liceat
1148 1859 1306 1923 auctorem
1317 1857 1528 1940 epistularum

295 1948 353 2012 sub
370 1947 538 2012 Aeschinis
563 1949 688 2012 nomine
712 1948 857 2012 fictarum
880 1949 964 2012 hunc
987 1949 1090 2012 totum
1108 1948 1213 2012 locum
1229 1949 1354 2012 nostrae
1371 1946 1529 2012 secundae

295 2037 450 2119 epistulae
472 2036 635 2100 imitatum
659 2055 738 2105 esse.
785 2037 873 2102 Dicit
888 2037 971 2102 enim
993 2056 1040 2118 ep.
1057 2037 1126 2115 Xll,
1143 2039 1163 2102 9
1181 2055 1246 2118 seq.
1263 2055 1297 2100 se
1314 2035 1529 2114 (Aeschinem)

295 2146 358 2191 non
382 2125 421 2190 ad
445 2125 622 2204 Thebanos,
645 2146 708 2192 non
732 2127 771 2191 ad
795 2126 975 2203 Thessalos,
1000 2126 1083 2210 apud
1107 2145 1185 2208 qnos
1207 2126 1418 2190 Athenienses
1443 2125 1530 2190 vitu-

294 2214 397 2299 perari
421 2215 584 2280 auditurus
609 2218 702 2295 esset,
727 2215 783 2280 sed
807 2217 847 2281 ad
869 2215 1010 2281 Rhodios
1035 2235 1069 2280 se
1093 2216 1275 2284 contulisse.

402 2303 463 2369 Sed
486 2307 611 2386 praeter
635 2324 697 2383 eas,
723 2325 800 2388 quas
825 2307 1001 2385 attulimus,
1026 2303 1122 2369 etiam
1147 2305 1228 2370 aliae
1244 2303 1396 2388 quaedam
1414 2303 1531 2388 grada-

294 2395 396 2460 tiones
427 2393 461 2458 in
493 2394 630 2460 secunda
653 2395 790 2478 epistula
813 2395 904 2461 nobis
929 2397 1111 2474 occurrunt,
1143 2413 1222 2477 qnae
1245 2394 1434 2459 rhetoricam
1460 2394 1531 2460 eius

294 2485 439 2549 naturam
451 2483 656 2566 patefaciunt.
692 2484 846 2549 Narratur
859 2484 1107 2550 Demosthenem
1123 2484 1211 2550 nulla
1226 2503 1259 2549 re
1277 2483 1532 2549 abenevolentia
1609 2525 1610 2546 1

295 2573 417 2638 civibus
453 2592 577 2654 semper
610 2574 720 2638 habita
759 2573 901 2638 abstrahi
940 2573 1082 2656 potuisse
1118 2579 1176 2656 (ep.
1211 2574 1252 2652 Il,
1288 2570 1331 2658 6).
1380 2573 1532 2655 Sequitur

295 2661 438 2745 gradatio
463 2661 633 2743 quaedam:
659 2665 676 2727 a
700 2663 744 2744 δὲ,
764 2664 899 2729 πολλῶν
915 2664 1023 2728 ὄντων
1039 2665 1093 2728 καὶ
1104 2664 1256 2749 μεγάλων
1269 2660 1320 2750 ἐφ’
1336 2659 1384 2740 οἷς
1397 2663 1534 2741 εἰκότως

296 2750 469 2838 ἐπέρχεταί
498 2775 555 2834 μοι
586 2756 889 2840 παρρησιάζεσθαι,
922 2758 1078 2838 μέγιστον
1109 2753 1272 2840 ἡγούμην,
1309 2751 1368 2818 οὐκ
1400 2753 1532 2840 ὀκνησω

295 2844 423 2928 γράψαι
446 2841 531 2927 πρὸς
553 2839 638 2924 ὑμᾶς
662 2842 693 2924 (5
720 2844 751 2920 1)
784 2845 816 2906 11
849 2844 969 2921 111111,
1001 2843 1115 2924 quibus
1148 2843 1251 2906 verbis
1276 2841 1440 2924 exponitur
1463 2843 1532 2906 De·

295 2930 493 2995 mosthencm
516 2929 658 3014 Philippi
689 2931 854 3013 neque.vi
884 2931 1094 3014 persuadendi
1117 2931 1292 3014 pervictam
1324 2951 1423 3015 neque
1453 2951 1532 2997 auro

295 3039 445 3101 umquam
472 3022 653 3101 corruptum
678 3040 756 3088 esse.
803 3022 921 3085 Tamen
946 3021 1066 3086 1111111
1091 3021 1217 3103 quidem
1239 3020 1410 3104 quidquam
1427 3021 1532 3098 valet:

296 3108 352 3173 sed
375 3108 444 3190 ipse
469 3108 547 3173 dicit
571 3109 819 3176 Demosthenes:
846 3114 958 3176 πάντα
975 3115 1090 3176 τοίνυν
1106 3112 1146 3175 τὰ
1163 3116 1383 3198 προειρημένα
1404 3109 1533 3178 ἐλάττω
1608 3159 1609 3170 ,

295 3202 418 3283 νομίζω
442 3208 500 3284 τῆς
523 3208 682 3280 συνεχοῦς
704 3201 758 3264 καὶ
782 3195 861 3264 καθ’
886 3199 1010 3286 ἡμέραν
1027 3201 1195 3276 πολιτείας
1210 3201 1269 3268 cei.
1295 3200 1326 3284 (ᾗ
1343 3201 1388 3283 9).
1435 3199 1533 3265 Gom·
1608 3233 1609 3258 1

296 3288 400 3351 munis
436 3288 503 3351 erat
534 3290 673 3352 omnium
705 3290 864 3354 oratorum
895 3289 1105 3368 consuetudo,
1140 3291 1192 3368 ut,
1228 3289 1380 3372 quidquid
1411 3289 1534 3372 aliquis
1608 3317 1609 3344 1

295 3375 428 3454 fecerat,
459 3375 492 3440 id
523 3377 569 3441 ita
601 3377 769 3461 depingere
801 3381 1002 3459 conarentur,
1035 3378 1125 3461 quasi
1156 3398 1218 3444 non
1241 3379 1334 3444 modo
1358 3397 1420 3444 non
1444 3381 1534 3444 ritu-

295 3465 478 3548 perandum,
503 3465 557 3530 sed
582 3467 673 3532 valde
689 3467 885 3550 probandum
903 3470 997 3535 esset.
1043 3469 1094 3533 111
1116 3467 1294 3534 Andocides
1308 3466 1331 3554 ¹)
1355 3487 1416 3534 non
1434 3470 1534 3534 modo

295 3554 418 3620 nullum
444 3555 559 3634 odium,
584 3575 692 3621 verum
716 3557 812 3622 etiam
827 3557 966 3622 favorem
983 3557 1043 3622 sibi
1061 3558 1126 3623 fore
1143 3560 1322 3640 exspectat:
1346 3562 1443 3644 χάριν
1467 3553 1535 3624 οὖν

296 3644 380 3720 εἰκάς
410 3669 466 3727 με,
493 3643 533 3710 σά
555 3657 651 3727 μῖσος
673 3653 719 3732 τῷ
743 3647 967 3735 δυστυχήματι
998 3650 1104 3734 τούτῳ
1130 3652 1294 3758 (γέρεσθαι
1319 3645 1398 3735 παρ’
1422 3647 1533 3731 ὑμῶν.

297 3731 479 3815 Comparari
504 3734 599 3798 etiarn
623 3738 730 3818 potest
752 3736 811 3801 hoo
834 3736 1078 3804 Demosthenis:
1104 3739 1135 3802 δι
1169 3737 1190 3802 ά
1213 3761 1298 3825 φημι
1321 3737 1375 3802 καὶ
1398 3741 1536 3804 τούτων

296 3831 364 3888 τιῖιν
389 3824 724 3917 προάεβουλευμένων
754 3828 808 3890 καὶ
840 3827 954 3911 πολλῷ
977 3831 1139 3912 μειζόνων
1170 3825 1218 3892 ἔτι
1242 3831 1371 3892 τούτων
1395 3828 1537 3914 δωρεῶν

297 3911 420 3988 δίκαιος
450 3919 535 3977 εἰναι
565 3918 740 3999 τυγχάνειν
764 3917 820 3996 (or.
847 3914 968 4000 naba).
1017 3915 1141 3980 Similia
1165 3915 1257 3982 initio
1282 3917 1437 3982 secundae
1461 3917 1536 3999 epi-

297 4000 401 4065 stulae
424 4001 618 4068 invenimus:
650 4002 803 4090 ἐνόμιζον
833 4006 895 4088 μὲν
919 4000 977 4092 ἀφ’
1003 3999 1051 4071 ὧν
1075 4003 1324 4094 ἐπολιτευόμην,
1351 4005 1411 4088 οὐχ
1436 4007 1538 4084 ὅπως

298 4214 510 4225 ——..—.

410 4374 431 4444 l)
452 4377 521 4451 Περὶ
540 4376 586 4442 τῆς
604 4374 700 4432 ἑαυτοῦ
719 4375 843 4433 καθόδου
862 4379 876 4448 ξ
895 4383 920 4435 9.
