3288 5070
727 384 770 450 53

240 577 336 668 ἧττα,
373 601 420 664 ep.
445 581 510 660 ΙΠ,
541 583 584 646 45
615 582 634 669 ἡ
666 583 725 696 γὰρ
758 581 794 648 ἓν
825 592 894 658 τοῖς
916 583 1078 658 τοιούτοις
1100 577 1182 668 ἧττα
1199 583 1285 670 ’καλὴ
1309 583 1363 646 καὶ

134 675 347 758 προσήκουσα
377 675 450 758 νίκη
475 673 567 758 παρὰ
590 682 658 748 τοῖς
681 695 718 736 ευ
742 679 906 759 φρονοῦσι
928 675 1073 757 κρίνεται
1096 678 1128 736 et
1152 690 1199 754 ep.
1224 672 1249 750 Ι,
1277 671 1317 737 15
1342 671 1361 759 ἡ

134 756 1160 936 ιιιέιιίῑιι1271011101320011311
1186 761 1364 928 illidii

645 901 651 926 i
713 905 720 919 ·
791 901 797 929 r
867 899 874 929 ν
996 900 1002 914 ·
1099 901 1106 928 a
1154 901 1161 929 r
1222 905 1229 919 ·
1323 902 1330 930 r
1356 901 1363 929 t

132 959 270 1023 prooem.
287 941 362 1018 (39).
389 938 520 1021 Saepius
534 939 590 1004 illo
606 939 804 1004 substantivo
816 940 936 1022 poetae,
949 939 1181 1023 Platohysias,
1191 939 1363 1014 Aeschines

134 1027 192 1113 (or.
217 1025 328 1112 3‚111)
360 1029 410 1093 usi
428 1031 525 1096 sunt.
572 1028 772 1094 Adiectivnm
797 1029 879 1110 quod
904 1030 953 1094 est
976 1027 1135 1116 ἀήττητος
1158 1030 1256 1095 semel
1280 1029 1363 1111 apud

133 1119 383 1206 Demosthenem
406 1117 537 1201 repperi,
563 1137 606 1186 or.
634 1119 761 1198 18247.
967 1177 972 1187 .

241 1211 330 1284 θεός.
378 1208 446 1272 Hoo
469 1208 538 1273 loeo
563 1227 806 1272 commemorem
828 1207 1021 1272 locutionem
1045 1227 1123 1290 quae
1148 1211 1197 1274 est
1221 1228 1268 1292 ep.
1293 1209 1317 1286 Ι,
1343 1211 1363 1278 3

135 1297 179 1375 ὡς
209 1299 272 1363 σὺν
295 1303 389 1374 θεοῖς
412 1297 573 1384 εἰρῆσθαι.
622 1297 717 1362 Cuius
742 1297 908 1362 simillima
930 1297 1051 1362 inserta
1075 1299 1124 1364 est
1147 1299 1281 1374 orationi
1305 1297 1365 1362 ali·

134 1387 184 1452 oui
208 1386 416 1452 Demostheni
446 1388 497 1451 vir
529 1386 750 1467 vindicandae,
782 1401 825 1454 or.
850 1388 967 1465 (29)‚i:
1001 1388 1064 1453 σὺν
1095 1393 1189 1466 θεοῖς
1216 1387 1363 1472 είπεῐνῐ).

135 1476 264 1542 Similes
288 1476 465 1541 locutiones
490 1477 580 1540 sunt:
606 1475 651 1554 ὡς
673 1475 755 1553 ἐ’πος
778 1477 885 1542 εἰπεῖν
910 1496 953 1544 or.
970 1477 1033 1554 6‚l‚
1058 1495 1101 1546 or.
1119 1479 1203 1556 927,
1220 1496 1263 1546 or.
1282 1477 1365 1556 18,4,

135 1586 178 1634 or.
206 1566 332 1644 10264,
358 1585 402 1634 or.
429 1566 557 1644 20140,
583 1585 626 1634 or.
652 1567 703 1644 24,
728 1567 780 1645 38,
806 1567 880 1645 212,
905 1584 948 1634 or.
974 1569 1089 1645 (61),1;
1123 1565 1167 1644 ὡς
1190 1567 1298 1632 εἰπεῖν
1322 1586 1365 1635 or.

138 1657 268 1735 19‚190,
302 1673 359 1726 or„
378 1653 548 1734 38‚6;.u9
578 1655 693 1732 ἁπλῶς
723 1655 830 1742 εἰπεῖν
861 1674 904 1722 or.
941 1656 1011 1733 15‚1
1037 1682 1080 1713 --
1103 1675 1240 1738 prooem.
1275 1657 1315 1721 27
1327 1655 1366 1740 2),

135 1765 178 1814 or.
196 1745 324 1824 20,124‚
349 1763 392 1813 or.
410 1746 526 1823 (11),2;
551 1742 596 1821 ὡς
610 1745 717 1810 εἰπεῖν
734 1743 770 1810 ἒν
786 1745 954 1832 κεφαλαίῳ
972 1763 1013 1810 or.
1030 1746 1159 1822 (32),13,
1174 1765 1217 1813 or.
1235 1745 1366 1824 (40),35.

244 1835 395 1920 πάροδος,
423 1854 468 1918 ep.
493 1835 551 1911 ΙΙΙ,
576 1835 617 1898 29
643 1833 718 1900 οὐδὲ
742 1835 801 1900 τὸν
818 1839 962 1900 Πυθέαν
983 1835 1182 1921 παραλείψω
1199 1836 1258 1900 τὸν
1273 1840 1368 1921 μέχρι

135 1934 195 2011 τῆς
229 1924 377 2010 παρόδου
410 1924 585 2012 δημοτικόν
594 1948 603 2002 ;
639 1943 698 2005 quo
730 1923 799 1988 loeo
832 1925 1067 1988 substantivum
1098 1923 1180 1988 illud
1212 1924 1367 2007 singulari

134 2013 227 2079 rnodo
253 2012 290 2076 de
315 2015 454 2092 oratore,
488 2013 541 2095 qui
564 2011 701 2095 primum
725 2013 764 2078 ad
788 2013 940 2096 populum
962 2012 1081 2095 prodit,
1106 2013 1283 2080 adhibitum
1308 2016 1366 2081 est.

135 2103 217 2169 Cum
248 2121 320 2167 vero
344 2103 534 2168 Aristoteles
567 2104 598 2166 et
621 2103 735 2167 Pollux
767 2105 799 2167 et
827 2102 882 2168 alii
906 2102 965 2166 huo
989 2121 1063 2168 vooe
1087 2103 1186 2168 simili
1210 2123 1304 2168 sensu
1329 2103 1367 2167 do

134 2194 228 2258 ohoro
256 2194 397 2271 utantur,
430 2192 512 2274 apud
535 2192 782 2257 Demosthenem
808 2193 953 2276 πάροδος
976 2192 1134 2274 signifieat
1158 2193 1367 2270 „transitum‘

135 2282 431 2365 (Thermopylarum
455 2281 582 2364 quidem
607 2281 732 2365 saltus),
759 2301 801 2349 or.
827 2282 903 2360 520
928 2283 960 2345 et
984 2282 1035 2359 22,
1062 2301 1104 2350 or.
1130 2284 1204 2361 9,11
1231 2284 1262 2346 et
1286 2284 1367 2360 (32);

134 2373 276 2453 itemque
300 2371 382 2453 apud
398 2372 525 2455 Lysiam
550 2390 593 2438 or.
612 2371 687 2450 2,30
708 2372 740 2435 et
756 2370 837 2453 apud
853 2369 1045 2453 Hyperidem
1062 2371 1116 2452 IV,
1133 2372 1163 2452 5,
1180 2373 1221 2436 23
1239 2371 1369 2450 (Blassii

135 2461 286 2527 editionis
310 2461 463 2539 alterius).

244 2549 278 2616 ἐκ
302 2559 362 2616 τοῦ
386 2555 568 2637 περιόντος,
596 2569 642 2632 ep.
659 2550 724 2629 ΙΙΙ,
741 2551 784 2614 36
809 2549 931 2615 οὔκουν
947 2547 982 2616 ἐκ
998 2559 1057 2614 τοῦ
1074 2554 1248 2637 περιόντος
1263 2559 1368 2616 ταῦτα

134 2649 240 2723 ποιῶ,
273 2640 294 2709 i.
329 2659 354 2708 e.
388 2659 424 2704 ex
454 2659 541 2704 mera
571 2639 742 2704 insolentia
766 2640 798 2704 et
820 2639 987 2722 protervia.
1034 2639 1132 2704 Nullo
1157 2640 1222 2706 alio
1243 2641 1311 2705 looo
1335 2641 1368 2706 iu

134 2729 362 2796 Demosthenis
399 2730 544 2812 operibus
579 2729 660 2794 hano
694 2729 888 2794 locutionem
922 2729 1070 2811 reperias.
1132 2729 1297 2794 Invenitur
1331 2731 1368 2796 τὸ

136 2824 265 2905 περιόν,
290 2820 325 2882 nt
350 2817 394 2884 sit
418 2817 519 2900 „quod
543 2819 700 2900 reliquum
721 2820 787 2894 est3
812 2818 953 2900 pecunia,
970 2837 1048 2899 quae
1064 2820 1192 2898 restat‘,
1210 2839 1252 2888 or.
1271 2821 1367 2898 2736

137 2911 170 2974 et
201 2927 245 2976 or.
277 2909 360 2987 31,7.
410 2907 520 2973 Simile
553 2927 624 2972 vero
657 2907 777 2989 aliquid
809 2909 903 2988 atque
934 2906 969 2972 ἐκ
1000 2917 1059 2972 τοῦ
1089 2913 1262 2994 περιόντος
1285 2908 1368 2990 apud

134 2997 384 3064 Demosthenem
417 2997 536 3062 locutio
572 3016 650 3079 quae
686 2998 735 3062 ost
765 2995 799 3062 ἐκ
832 3000 1024 3083 περιουσίας
1054 2997 1175 3062 duobus
1206 2997 1256 3062 his
1288 2997 1366 3062 loeis

134 3087 311 3172 significat,
344 3107 386 3155 σι’.
414 3089 487 3166 18‚3
520 3082 616 3164 οὗτος
646 3082 674 3151 d'
708 3085 742 3152 ἐκ
774 3091 966 3173 περιουσίας
995 3111 1052 3168 μοι
1074 3099 1245 3174 κατηγορεῖ
1268 3089 1300 3152 et
1323 3107 1366 3156 or.

132 3179 231 3256 45‚67
257 3177 288 3242 οἱ
311 3175 340 3242 d'
365 3175 399 3242 ἐκ
424 3181 624 3263 περιουσίας,
649 3176 761 3263 ὥσπερ
778 3171 882 3257 οὗτος,
903 3181 1045 3264 πονηροί
1061 3173 1106 3261 (et
1122 3177 1199 3252 τοὺς
1215 3186 1368 3263 φανερῶς

133 3268 241 3344 οὕτως
264 3265 299 3350 ἐξ
322 3265 481 3352 εὐπορίας
496 3263 694 3353 πονηρούς).

242 3355 423 3443 ὁΠίροης,
449 3375 502 3419 rer
518 3356 703 3420 Persarum:
729 3374 776 3437 ep.
802 3354 844 3432 ΙΙ,
865 3356 904 3420 18
929 3355 982 3420 ὅτε
1007 3355 1024 3420 ὁ
1049 3354 1133 3442 πρὸς
1155 3356 1215 3420 τὸν
1231 3359 1366 3443 Πέρσην

132 3446 381 3529 κατελάμβανεν
417 3443 539 3521 αὐτοὺς
572 3445 733 3520 κίνδυνος.
782 3444 875 3526 Apud
899 3444 1146 3509 Demosthenem
1177 3445 1283 3526 ipsum
1313 3465 1366 3509 ren

132 3537 302 3601 Persarum
331 3536 386 3599 aut
409 3533 426 3600 ὁ
449 3535 602 3618 βασιλευς
627 3534 675 3598 vel
699 3533 816 3599 omisso
841 3533 974 3598 articulo
997 3534 1158 3617 βασιλεύς,
1185 3535 1221 3598 ut
1244 3535 1364 3615 saepis-

132 3624 214 3690 sime
239 3624 272 3688 iu
296 3623 437 3688 oratioue
461 3625 573 3705 quarta
597 3624 727 3701 decima,
752 3624 770 3706 ἓ
795 3625 824 3702 2,
849 3625 878 3702 3,
903 3625 932 3701 0,
957 3625 986 3702 9,
1014 3624 1063 3700 12,
1089 3624 1140 3701 27,
1165 3624 1217 3702 28,
1241 3624 1294 3702 37,
1312 3625 1364 3702 38,

131 3715 194 3792 41,
226 3733 269 3782 or.
297 3715 347 3793 15,
373 3717 401 3792 7,
427 3715 446 3778 3
471 3714 584 3783 oeteris
608 3713 707 3792 loeis,
732 3714 786 3777 aut
809 3714 845 3778 ut
869 3731 912 3780 or.
940 3713 1066 3792 18202,
1091 3731 1134 3778 or.
1161 3713 1281 3790 23200
1305 3715 1364 3781 oet.

131 3803 150 3868 ὁ
183 3809 326 3889 Περσῶν
357 3803 511 3886 βασιλεύς
541 3804 730 3870 nominatur.
777 3803 814 3866 In
839 3801 977 3884 epistula
1000 3821 1073 3867 vero
1097 3801 1253 3885 Philippi,
1286 3821 1364 3884 quae

131 3893 216 3957 inter
248 3892 405 3957 orationes
429 3893 691 3957 Demosthenioas
724 3891 942 3956 duodecimum
973 3892 1078 3957 looum
1103 3892 1240 3970 obtinet,
1271 3891 1364 3958 uiso

131 3987 265 4070 Πέρσης
296 3980 329 4067 (ξ
361 3984 381 4046 0
414 3983 445 4046 et
475 3978 507 4066 7)
538 3981 664 4065 legitur.
712 3981 895 4064 Pariterque
919 3982 1080 4065 Lyeurgus
1112 3976 1208 4065 (κατὰ
1230 3987 1362 4069 Λειοκρ.

245 4269 267 4331 1)
291 4264 332 4320 cf.
347 4266 495 4322 Sohaffneri
508 4265 725 4320 dissertationem
738 4283 805 4336 quae
819 4269 860 4321 est
873 4266 906 4320 de
919 4267 1001 4321 tertia
1014 4266 1072 4320 adv.
1082 4264 1225 4336 Aphobum
1244 4266 1363 4324 oratioue

129 4359 213 4428 vulgo
232 4356 424 4412 Demosthenis
443 4356 547 4410 nomini
565 4355 681 4420 addicta,
701 4353 811 4425 Lipsiae
833 4359 909 4422 1876,
928 4372 989 4426 pag.
1009 4358 1051 4416 35.

240 4447 267 4516 2)
287 4445 326 4505 Of.
345 4445 455 4503 Uidium
473 4446 502 4502 in
519 4462 607 4520 progr.
627 4445 644 4499 l.
664 4461 725 4519 pag.
745 4449 769 4503 6.
