3288 5070
765 342 786 408 5

159 547 267 631 ubrig,
300 545 350 611 die
374 565 407 611 er
431 543 565 608 entwarf
584 543 633 607 hir
655 541 781 622 Reden,
806 541 856 607 die
881 561 913 607 er
937 559 992 606 aus
1017 541 1088 606 dem
1113 539 1253 624 Stegreif
1273 541 1390 606 einmal

158 637 267 702 halten
298 635 413 700 wurde.
461 631 512 698 Sie
546 632 617 696 sind
646 633 734 711 echt,
765 633 840 698 aber
863 631 952 697 nicht
976 631 1026 696 die
1050 631 1164 699 Briefe.
1211 631 1270 695 Die
1293 631 1389 711 Rode,

160 727 209 792 die
226 725 413 808 Epitaphios
437 723 549 801 heisst,
573 721 636 786 und
661 721 711 786 die
731 721 781 786 fur
797 721 847 786 die
863 723 908 786 im
924 720 1020 786 Felde
1037 720 1242 803 gebliebenen
1259 722 1389 804 Burger,

159 817 230 882 sind
262 815 350 881 nicht
382 813 482 882 eoht.“
529 808 743 896 Boechhius1)
776 831 898 895 quoque
923 829 1112 893 quamquam
1136 810 1287 875 nonnulla
1312 831 1390 894 quae

159 907 192 971 in
223 905 319 970 tertia
349 903 486 986 epistula
511 903 795 967 commemorantur
817 920 890 966 vera
915 919 983 966 esse
1007 901 1252 979 demonstravit,
1283 903 1390 966 tamen

160 995 314 1079 epistulas
339 1013 400 1060 non
424 992 521 1057 habet
544 1010 599 1074 pro
624 991 780 1075 genuinis,
827 989 1043 1056 Confidentiae
1069 991 1165 1055 etiam
1189 989 1389 1077 Dobraeus2)

159 1085 280 1151 iudicat
303 1083 456 1166 epistulas
481 1101 551 1147 esse
575 1080 702 1163 „procul
720 1080 815 1145 dubio
832 1081 954 1162 spurias
972 1082 1004 1145 et
1021 1079 1182 1162 sophistae
1198 1080 1391 1161 ineptissimi

159 1175 292 1242 foetus.“
339 1168 637 1256 Westermannusi)
669 1170 774 1234 omnia
805 1171 1006 1253 argumenta,
1039 1189 1117 1252 quae
1142 1171 1250 1234 contra
1273 1171 1391 1235 Demo-

161 1263 283 1330 sthenis
316 1261 538 1328 auctoritatem
561 1260 664 1325 lacere
688 1259 869 1338 videantur,
901 1260 952 1324 his
976 1260 1113 1325 breviter
1137 1260 1389 1341 comprehendit:

159 1354 231 1434 „Me
262 1353 298 1417 ut
329 1351 463 1416 ficticias
495 1351 629 1415 arbitrer
659 1369 730 1415 cnm
761 1349 947 1432 compositio
978 1350 1086 1414 moret
1116 1349 1245 1413 minime
1274 1351 1391 1414 Demo-

160 1443 320 1521 sthenioa,
351 1443 420 1506 tum
452 1440 546 1504 anilis
579 1440 715 1504 auctoris
749 1439 941 1517 verbositas,
972 1438 1103 1522 indigna
1133 1439 1192 1503 tali
1224 1439 1289 1503 viro
1314 1438 1392 1503 mali

159 1532 312 1598 immeriti
335 1532 412 1596 licet
435 1528 612 1612 perferendi
634 1529 749 1593 inertia
774 1530 868 1611 atque
890 1529 1025 1611 ignavia,
1043 1528 1204 1592 exsultans
1222 1527 1254 1592 in
1272 1529 1391 1609 seipso

159 1620 368 1705 praedicando
393 1619 628 1701 importunitas
645 1618 780 1700 simplex
796 1618 936 1682 oriminis
954 1617 1021 1682 sine
1037 1618 1103 1683 ulla
1119 1619 1392 1700 argumentatione

159 1710 325 1788 recusatio,
351 1708 494 1792 quodque
518 1707 551 1772 id
574 1708 678 1790 ipsum
704 1708 782 1772 satis
800 1707 906 1789 inepte
921 1707 1086 1772 inventum
1102 1707 1234 1787 ridetur,
1252 1707 1390 1772 voluisse

161 1799 300 1865 exsulem
324 1800 356 1862 in
380 1797 630 1880 rempublicam
654 1796 834 1881 regendam,
857 1797 890 1860 in
915 1815 975 1879 qua
998 1797 1104 1862 nullae
1128 1797 1228 1880 ipsius
1254 1797 1390 1880 amplius

160 1890 247 1954 fuere
277 1890 400 1970 partes,
434 1906 467 1952 se
498 1887 713 1968 interponere,
744 1885 956 1969 infestumque
988 1887 1049 1951 sibi
1074 1888 1218 1951 senatum
1243 1886 1390 1969 epistulis

160 1978 333 2044 identidem
357 1976 522 2042 mittendis
547 1977 579 2041 et
603 1975 778 2041 exacerbati
801 1977 911 2058 populi
935 1976 1075 2040 animum
1092 1976 1230 2041 delenire
1247 1995 1280 2041 se
1297 1994 1391 2059 posse

161 2068 368 2150 speravisse“.
415 2067 505 2130 Idem
528 2065 667 2130 iudicare
691 2065 814 2131 videtur·
838 2064 876 2135 G.
893 2062 1149 2150 Kiesslingius4),
1174 2085 1244 2130 cum
1270 2067 1392 2130 senten·

159 2160 239 2223 tiam
270 2158 308 2226 Α.
341 2155 378 2224 G.
410 2155 541 2221 Beckeri
573 2174 668 2238 supra
699 2157 977 2220 commemoratam
1007 2155 1181 2238 impugnet.
1228 2156 1333 2220 Etiam
1357 2156 1392 2224 F.

160 2245 341 2330 Ranhius5)
376 2245 529 2328 epistulas
554 2264 572 2309 a
595 2245 808 2310 Demosthene
833 2245 1011 2311 abiudicare
1034 2245 1174 2322 mavult3
1207 2245 1284 2310 dicit
1309 2245 1393 2310 enim

161 2338 256 2401 haec:
293 2333 442 2414 „Sohafer
472 2334 612 2399 verwirlt
636 2333 696 2398 den
719 2334 842 2399 finften
865 2335 930 2398 und
955 2335 1118 2412 seohsten,
1150 2335 1220 2408 halt
1244 2335 1318 2400 aber
1342 2335 1393 2400 die

161 2425 311 2491 ththeit
335 2425 389 2489 der
413 2425 478 2489 vier
502 2425 606 2488 ersten
630 2423 693 2488 fest
715 2423 779 2488 und
796 2423 829 2488 in
846 2424 901 2489 der
913 2425 995 2489 That
1010 2425 1055 2488 ist
1073 2423 1121 2488 ein
1140 2443 1265 2507 grosser
1278 2424 1392 2490 Unter-

157 2514 266 2580 schied
290 2514 445 2580 zwischen
470 2513 542 2578 dem
562 2515 666 2578 ersten
681 2513 746 2578 und
761 2513 879 2578 letzten
893 2513 996 2578 Briefe
1014 2513 1203 2582 vorhanden.
1239 2514 1391 2580 Dennoch

159 2622 247 2688 wege
271 2604 322 2668 ioh
346 2603 434 2668 nicht
456 2603 516 2668 mit
540 2603 660 2686 einiger
676 2601 853 2668 Sioherheit
876 2604 1099 2683 annunehmen,
1125 2603 1198 2675 dass
1220 2603 1270 2668 die
1287 2605 1391 2668 ersten

157 2694 299 2759 wirhlich
324 2713 379 2758 ans
398 2692 637 2758 Demosthenes’
654 2692 755 2757 Foder
777 2693 1083 2776 hervorgegangen.“
1118 2693 1178 2758 His
1198 2693 1271 2758 viris
1289 2694 1390 2760 doctis

157 2784 331 2849 assentitur
356 2781 532 2859 Olintonus,
560 2783 613 2864 qui
637 2782 670 2845 in
693 2781 785 2846 fastis
801 2781 1005 2860 Helleniois6)
1030 2783 1107 2847 haec
1131 2785 1279 2848 annotat:
1305 2783 1391 2863 „The

159 2873 290 2956 epistles
315 2872 468 2955 although
493 2870 576 2935 their
600 2871 809 2954 genuineness
829 2891 902 2954 may
917 2873 956 2936 be
974 2872 1120 2952 doubted,
1138 2891 1190 2936 are
1206 2874 1259 2954 yet
1275 2875 1390 2955 quoted

158 2963 199 3046 by
223 2962 310 3045 early
333 2960 593 3044 grammarians.“
640 2959 749 3043 Neque
773 2961 878 3025 minus
896 2959 1061 3043 Oobetusl)
1085 2963 1131 3026 ita
1146 2961 1283 3026 iudicat:
1309 2960 1389 3042 „Qui

158 3051 334 3134 supposuit·
351 3050 504 3133 epistulas
529 3049 737 3114 Demostheni
761 3049 837 3114 olim
863 3051 1050 3130 attributas,
1082 3051 1333 3134 Aristogitonem
1356 3054 1390 3118 in

157 3159 251 3206 causa
268 3141 439 3223 Harpalica
456 3139 635 3205 absolutum
654 3157 723 3204 esse
739 3141 881 3221 putabat.
905 3177 951 3185 -
970 3139 1042 3204 Non
1059 3142 1108 3205 est
1124 3159 1235 3223 operae
1251 3141 1389 3224 pretium

265 3514 289 3584 1)
308 3515 341 3570 In
358 3515 442 3579 libro,
466 3515 509 3568 cui
534 3514 613 3568 inser.
651 3512 927 3584 Staatshaushnltung
953 3515 1000 3569 der
1022 3514 1120 3571 Athen.
1146 3514 1231 3586 11²1).
1252 3517 1386 3582 115;111‚

156 3623 182 3675 p.
201 3608 262 3670 err,
281 3607 341 3658 rsa.

262 3693 289 3761 2)
307 3693 341 3747 In
360 3693 492 3747 adversar.
511 3693 552 3747 ed.
573 3693 749 3762 Scholefield,
768 3693 903 3762 Cantabr,
921 3694 943 3759 Ι,
961 3711 987 3763 p.
1007 3695 1067 3748 525.

262 3783 289 3854 3)
307 3784 349 3837 De
375 3782 454 3852 epist.
474 3783 648 3852 scriptoribus
671 3786 774 3854 graecis
801 3784 1035 3838 commentationis
1060 3786 1130 3854 part.
1155 3786 1201 3854 IV,
1228 3803 1253 3855 p.
1284 3787 1330 3850 13;
1351 3786 1383 3840 cf.

156 3875 212 3928 eius
230 3875 301 3942 libr,
322 3874 364 3928 oni
383 3873 463 3926 inscr.
501 3871 662 3927 Geschichte
681 3874 728 3928 der
746 3892 785 3944 gr.
805 3875 1021 3928 Beredtsamkeit
1039 3892 1065 3944 p.
1085 3877 1145 3929 306.

261 3963 288 4032 4)
307 3962 585 4033 Ergtnznngsbltitter
604 3979 650 4016 nur
663 3963 841 4033 ellgerneinen
853 3964 1121 4034 Litteraturneitung,
1135 3963 1223 4030 Helle,
1236 3964 1292 4018 Mai
1310 3967 1383 4034 1832,

154 4069 180 4124 p.
200 4057 261 4109 366.

261 4145 286 4208 5)
310 4142 349 4198 Of.
368 4142 453 4196 Erech
471 4141 527 4196 und
546 4140 663 4197 Grubers
677 4144 890 4214 Encyclopaedie
909 4144 956 4198 der
974 4144 1171 4200 Wissenschaft
1196 4145 1252 4200 und
1269 4145 1384 4212 Krinste,

155 4237 197 4288 aa.
217 4233 301 4302 rnen,
321 4251 346 4304 p.
369 4236 427 4288 rra.

263 4323 289 4391 6)
309 4322 391 4377 Onon.
413 4325 490 4388 1841,
509 4325 574 4377 tom.
594 4323 639 4392 11,
658 4340 684 4392 p.
703 4325 764 4378 442.

263 4411 289 4482 7)
308 4412 341 4466 In
359 4413 471 4468 miscell.
491 4413 585 4482 critic,
605 4411 690 4482 Lugd.
710 4411 771 4466 Bet.
793 4415 869 4483 1876,
888 4431 914 4483 p.
935 4416 995 4468 579.
