3288 5070
824 391 983 490 A

287 588 367 654 ritus
393 589 430 654 de
454 589 612 672 praesenti
637 608 742 655 rerum
765 589 946 654 condicione
970 589 1096 668 sentiat,
1122 588 1291 670 epistulam
1317 606 1349 652 se
1371 587 1516 666 scribere,

286 679 375 744 locus
409 679 536 760 quidam
568 698 603 743 ex
627 679 851 744 Demosthenis
876 679 1015 744 oratione
1039 677 1139 762 prima
1163 677 1289 742 fluxisse
1314 678 1453 758 videtur,
1484 679 1517 744 id

288 768 370 849 quod
392 769 469 833 baec
494 769 684 851 comparatio
709 768 817 833 docet:

488 877 547 940 ep.
572 859 643 936 Ι,4
1040 857 1042 861 ’
1155 876 1198 924 or.
1226 857 1274 932 1,1

286 959 355 1024 τοῖς
378 947 412 1012 δὲ
437 947 572 1024 πολλοῖς
595 947 711 1034 ῥᾳδίαν
731 950 791 1034 την
811 955 879 1013 τῶν
901 943 904 996 l
927 943 1005 1012 ὥστ’
1019 945 1054 1030 ἐξ
1072 941 1234 1011 ἁπάντιδν
1249 945 1365 1032 ῥᾳδίαν
1377 949 1438 1034 την
1458 958 1517 1013 τοῦ

287 1037 466 1119 βελτίστων
490 1037 615 1122 αἵρεσιν
638 1047 849 1124 καταστῆσαι.
928 1041 1157 1124 συμφέροντος
1190 1034 1269 1118 ὑμῖν
1304 1035 1429 1122 α’ίρεσιν
1464 1062 1516 1123 με·

924 1131 1053 1192 νέσθαι.

394 1216 444 1281 Ita
467 1216 500 1280 in
525 1215 659 1280 exordiis
685 1215 811 1298 quidem
827 1235 938 1298 parum
961 1214 1034 1279 novi
1050 1213 1232 1295 reperimus,
1279 1214 1417 1292 Accedit,
1435 1217 1517 1296 quod

286 1324 331 1384 ea,
355 1324 434 1386 qnae
457 1306 606 1388 leguntur
635 1325 681 1387 ep.
706 1306 730 1384 I,
754 1306 793 1369 3:
827 1305 962 1381 πολλοῖς
992 1306 1052 1390 μὰρ
1077 1303 1217 1368 εἰώθατε
1247 1302 1403 1368 ἀπαντᾶν
1426 1303 1519 1388 ὑμεῖς

287 1395 352 1480 πρὸ
377 1403 437 1459 τοῦ
461 1406 648 1481 περιμεῖναι
670 1400 795 1478 μαθεῖν
819 1396 851 1458 et
881 1393 987 1476 paullo
1012 1393 1110 1456 infra:
1144 1391 1184 1457 οδ
1206 1395 1273 1480 μην
1296 1390 1367 1457 ἀλλ’
1392 1391 1450 1459 ἐὰν
1475 1433 1515 1440 --

286 1489 494 1571 περιμείνητε
519 1488 631 1549 πάντα
659 1489 799 1567 μαθεῖν,
833 1503 931 1567 paene
962 1483 1138 1565 congruunt
1168 1500 1238 1545 cum
1270 1501 1314 1546 or.
1342 1483 1430 1560 163:
1463 1486 1518 1548 καὶ

285 1571 378 1656 ὑμεῖς
407 1576 451 1660 μη
483 1579 679 1660 περιμένητε
709 1578 843 1656 μαθεῖν.
892 1572 969 1638 Cum
1000 1571 1051 1636 his
1084 1571 1305 1635 conferendum
1341 1574 1389 1636 est
1421 1574 1518 1638 etiam

286 1664 432 1726 octavum
456 1664 571 1740 (Dein.)
595 1663 799 1745 prooemium,
825 1661 906 1743 quod
931 1661 971 1726 ad
988 1661 1117 1726 verbum
1133 1679 1205 1724 cnm
1222 1660 1347 1725 exordio
1365 1662 1518 1728 orationis

284 1751 377 1816 modo
398 1754 659 1817 commemoratae
677 1752 831 1819 convenit.
868 1752 971 1816 Unum
989 1770 1025 1815 er
1040 1751 1139 1815 altero
1155 1749 1282 1814 fluxisse
1300 1751 1515 1837 concedemus,

285 1841 312 1904 si
330 1842 613 1923 comparaverimus
638 1842 783 1923 quintum
796 1840 1111 1906 Demosthenicorum
1126 1839 1257 1903 illorum
1268 1841 1517 1922 prooemiorum:

286 1925 376 2013 οἶμαι
399 1933 481 2013 μετὰ
505 1935 653 2017 βραχέσιν
678 1932 861 2016 λόγωνκαὶ
885 1929 984 2006 αὐτὸς
1015 1930 1057 1994 διν
1082 1954 1113 1993 τι
1136 1929 1241 2013 λέγειν
1271 1929 1403 2006 είκδτιος
1426 1931 1519 2014 δόξαι

284 2020 338 2083 καὶ
361 2018 440 2102 ὑμῖν
466 2022 506 2084 ab
528 2021 681 2102 βέλτιστα
698 2024 882 2107 (μαίνεσθαι
898 2020 1002 2105 λέμιον
1026 2038 1096 2082 cum
1112 2019 1238 2082 nostrae
1256 2018 1410 2100 epistulae
1425 2039 1518 2102 para-

285 2108 402 2192 grapho
412 2109 524 2173 tertia:
542 2117 682 2192 σίμαι-
694 2113 811 2194 καίπερ
820 2113 1046 2222 βραχέιοντιῖιν
1057 2112 1292 2194 γεγραμμένων
1302 2111 1409 2174 οντιον
1418 2108 1520 2186 αντός

285 2222 320 2262 τε
345 2203 594 2307 φανησεσδαιι
596 2201 665 2263 rech
690 2203 799 2285 πάσης
822 2197 999 2274 εννοίας
967 2223 1007 2263 τα
1024 2198 1141 2263 δέοντα
1158 2199 1234 2282 περὶ
1249 2195 1343 2280 ὑμῶν
1360 2203 1520 2285 πράττων

284 2289 338 2352 καὶ
363 2283 612 2390 σομφέρηνδΗ
597 2300 676 2370 ομῖν
701 2287 831 2375 ἒμηανη
856 2288 982 2371 δείξειν

391 2377 458 2441 Iam
484 2377 511 2440 si
535 2377 611 2442 haec
636 2377 761 2442 exordia
792 2377 950 2441 mittimus
982 2378 1014 2441 et
1045 2395 1110 2440 rem
1134 2377 1238 2458 ipsam
1262 2395 1340 2457 quae
1363 2378 1521 2442 tractatur

284 2467 550 2549 contemplamur,
581 2467 798 2550 intellegimus
831 2467 936 2532 omnia
968 2466 1036 2530 sine
1067 2465 1113 2530 ira
1146 2468 1177 2530 et
1208 2465 1316 2530 ardore
1349 2467 1517 2548 explicari;

284 2555 366 2637 q'uod
390 2575 581 2637 quamquam
604 2575 660 2638 per
684 2575 717 2620 se
741 2555 855 2619 vitium
878 2575 940 2620 non
965 2558 1022 2634 est,
1046 2555 1098 2620 hic
1114 2557 1220 2620 tamen
1236 2555 1283 2620 ita
1306 2555 1351 2634 fit,
1375 2557 1411 2620 nt
1433 2559 1519 2621 tem-

283 2663 368 2726 pora,
393 2646 506 2726 quibus
532 2645 668 2726 epistula
693 2645 810 2726 scripta
827 2663 896 2708 esse
920 2645 1058 2727 fingitur,
1075 2663 1186 2726 parum
1202 2645 1418 2727 respiciantur.
1465 2647 1520 2711 Ita

284 2733 422 2814 primum
446 2753 539 2815 quam
564 2734 642 2798 utile
667 2734 710 2798 sit
732 2734 980 2799 Atheniensibus
1010 2734 1131 2799 animos
1156 2735 1271 2798 ducum
1296 2737 1520 2818 oratorumque

284 2823 416 2886 aliarum
439 2823 604 2888 civitatum
628 2823 690 2888 sibi
714 2824 890 2902 conciliare,
907 2823 1152 2902 demonstratur,
1169 2824 1281 2888 deinde
1298 2844 1393 2888 unum
1412 2827 1520 2890 consi-

282 2911 370 2989 lium,
396 2931 457 2976 non
481 2912 574 2977 modo
598 2913 656 2978 hoo
679 2913 771 2978 modo
796 2913 879 2977 illud
911 2913 981 2995 cepi
1015 2933 1091 2996 opus
1117 2933 1186 2978 esse
1211 2915 1384 2996 exponitur.
1433 2913 1521 2994 Quid

283 3020 354 3066 vero
378 3002 588 3067 Athenienses
615 3003 752 3085 epistula
782 3003 862 3067 talia
895 3002 1046 3067 suadente
1071 3003 1172 3068 adiuti
1197 3003 1278 3081 siut,
1312 3003 1441 3068 difficile
1466 3008 1521 3070 est

283 3091 458 3159 intellectu.
505 3091 574 3156 Iam
598 3094 636 3157 ab
662 3094 788 3156 auctore
813 3092 967 3173 epistulae
992 3111 1070 3173 quae
1101 3091 1201 3156 fertur
1223 3093 1391 3158 Aeschinis
1417 3093 1521 3159 unde-

283 3180 383 3244 cimae
407 3182 549 3245 nostram
573 3181 743 3263 epistulam
774 3199 836 3245 non
868 3181 983 3247 iniuria
1013 3184 1049 3246 ut
1079 3183 1156 3263 puto
1189 3181 1322 3247 derideri
1355 3182 1521 3259 videmus;

283 3269 365 3333 nihil
382 3269 466 3333 enim
478 3269 602 3334 facilius
617 3289 686 3334 esse
703 3289 797 3352 quam
814 3270 981 3335 admonere
998 3270 1037 3335 ad
1054 3271 1269 3346 concordiam;
1295 3273 1522 3355 gravissimam

282 3359 498 3439 quaestionem
511 3378 589 3438 esse,
615 3359 700 3441 quali
717 3359 809 3424 modo
827 3359 945 3424 auxilia
957 3359 996 3424 ad
1016 3361 1137 3424 bellum
1154 3361 1327 3443 gerendum
1340 3364 1523 3429 necessaria

282 3448 492 3530 colligantu1·;
525 3468 585 3529 qua
617 3449 654 3513 de
686 3468 719 3513 re
751 3449 870 3513 nihil'
861 3469 894 3512 1n
918 3450 1144 3514 Demosthenis
1170 3451 1252 3532 epist
1238 3452 1307 3516 tulo
1331 3452 1522 3534 explicatur

281 3537 430 3620 Legimus
455 3538 539 3602 enim
563 3539 699 3615 (Aesoh.)
725 3557 785 3651 ep.)
796 3539 850 3615 ΧΙ
879 3541 916 3603 11
943 3557 1025 3620 seq.:
1057 3543 1224 3628 φάσκουσι
1255 3543 1315 3651 μὰρ
1340 3541 1447 3606 δεῖν(
1431 3554 1525 3624 ομᾶς

281 3626 450 3710 Οίίίλῖίθὸῖί),
485 3627 663 3713 ὥσῖῐὸρί
631 3627 716 3710 ὑμᾶς
748 3653 806 3693 ova
839 3626 1096 3711 εῖῑίσϊδίμέίίθλίς,
1131 3630 1181 3694 o'at
1212 3639 1310 3696 ’ῐθῧϊθ
1338 3632 1401 3714 μὲν
1418 3636 1524 3743 πάσῃ

282 3717 386 3796 πόλει,
413 3718 467 3780 καί
492 3717 649 3798 πολεμεῖν
680 3719 734 3782 καὶ
765 3718 945 3830 εἰρηνεύειν
975 3718 1175 3805 βουλομένη,
1209 3719 1427 3806 κράτιστδν’
1414 3743 1522 3787 εστιν.

281 3806 386 3870 δεῖδὲ
413 3829 452 3870 ον
476 3815 574 3869 τοῦτο
602 3819 749 3888 σκοπεῖν,
776 3807 804 3872 εἰ
827 3806 1028 3918 δμονοητέην
1060 3809 1208 3891 πολε
1157 3828 1280 3874 ισισιν
1316 3809 1525 3897 δμονσητέον

280 3897 340 3979 γὰρ
373 3919 427 3958 και
459 3895 641 3977 πολεμοῦσι
672 3898 726 3960 καὶ
756 3921 800 4008 ειη
830 3897 957 3972 παντὸς
988 3895 1099 3961 ἕνεκα·
1138 3894 1206 3962 αλλ’
1242 3898 1270 3964 εἰ
1303 3899 1526 3982 βουλομένοις

281 3984 440 4066 πολεμεῖν
474 3985 529 4048 καί
564 3984 732 4068 repromisit),
773 4011 817 4063 ως
850 3985 946 4068 'replear
982 3987 1145 4063 dumam,
1179 3987 1341 4075 (ίϋϊάρκης
1376 3987 1468 4054 ἐστίν
1504 3992 1524 4078 ἡ
1624 4041 1625 4046 ,

280 4008 427 4155 delumine.
461 4072 522 4149 ἕως
554 4069 626 4138 δ”
607 4099 649 4139 αν
680 4080 760 4162 μητε
793 4079 1008 4160 συστρατείας
1039 4077 1304 4159 πολειισνντες”
1287 4101 1412 4160 εχιομεν
1434 4103 1525 4166 ιιητε

279 4166 456 4248 χρημάτων
481 4167 607 4248 πόριος
630 4164 898 4230 δεικνύιοσινλ
849 4168 906 4232 eet
956 4163 1035 4229 Cum
1060 4184 1131 4230 vero
1155 4166 1326 4231 Alexandri
1356 4185 1459 4230 mores
1488 4169 1525 4233 in

282 4253 390 4315 nostre
415 4251 552 4333 epistula
576 4252 689 4317 iisdem
713 4273 811 4335 paene
836 4254 950 4333 verbis,
974 4254 1087 4335 quibus
1112 4256 1174 4320 alio
1198 4256 1266 4321 loco
1285 4255 1525 4323 Demosthenes

280 4339 421 4422 Philippi
441 4341 596 4406 rationem
618 4342 731 4424 agendi
747 4342 858 4427 pinxit,
876 4342 1102 4423 describantur,
1117 4364 1210 4427 supra
1227 4346 1292 4410 iam
1307 4343 1526 4414 iudicavimus

280 4429 331 4493 vix
357 4429 507 4495 credibile
532 4450 601 4495 esse
618 4432 865 4497 Demosthenem
889 4433 935 4497 ita
959 4435 991 4498 et
1007 4434 1174 4498 sententiis
1200 4437 1231 4499 et
1254 4435 1358 4499 verbis
1381 4436 1527 4518 eguisse,
