3288 5070
863 345 903 412 12

803 439 963 447 .-.--

271 543 504 608 concedendum
529 563 604 610 sane
629 541 1151 628 9111191119111999,11019919
1176 541 1302 625 quidem
1328 545 1406 609 alias
1431 543 1497 627 epi-

270 633 372 698 stulas
398 633 436 697 ad
460 636 584 700 nostros
610 634 676 699 dies
698 655 758 700 non
776 636 916 700 servatas
932 633 1055 718 legerit,
1073 633 1199 697 etiamsi
1216 634 1280 698 veri
1298 634 1497 698 simillimum

270 741 339 787 esse
363 723 446 787 infra
470 723 646 789 videbimus
671 725 814 807 quintam
839 743 954 802 earum,
980 742 1056 805 quas
1081 741 1137 787 nos
1161 722 1323 802 habemus,
1347 725 1379 788 in
1396 723 1497 788 mani·

268 813 327 876 bus
359 819 387 877 ei
418 813 526 881 fuisse.
575 813 638 878 Sed
670 813 828 898 plerisque
853 833 930 898 quos
955 811 1267 878 commemoravimus
1292 813 1497 896 scriptoribus

270 903 586 993 complureslearum
619 905 843 987 epistularum,
879 923 957 986 quae
989 922 1071 966 nunc
1103 903 1242 980 exstant,
1278 905 1369 967 notas
1400 903 1497 967 fuisse

269 991 421 1066 videmus,
447 1012 516 1057 cum
541 1013 603 1058 non
627 994 720 1059 modo
744 995 886 1077 singulas
911 1011 1011 1069 voces,
1036 991 1092 1056 sed
1109 991 1204 1056 etiarn
1221 993 1305 1056 totas
1323 993 1497 1056 sententias

270 1081 480 1161 servaverint,
507 1102 585 1164 quae
610 1083 706 1147 etiam
730 1104 812 1148 nunc
836 1085 868 1148 in
893 1081 1039 1166 epistulis
1059 1082 1217 1162 leguntur.
1265 1082 1375 1163 Neque
1391 1083 1498 1146 tamen

269 1190 377 1236 omnes
402 1190 464 1250 sex,
490 1191 568 1254 quae
592 1172 726 1237 traditae
751 1175 834 1252 sunt,
859 1173 1151 1248 commemorantur,
1177 1172 1232 1236 sed
1249 1191 1285 1236 91
1302 1171 1379 1235 91119
1396 1171 1498 1235 tribus

267 1260 425 1345 prioribus
457 1261 519 1326 loci
552 1261 679 1343 qnidam
710 1263 910 1346 proferuntur
934 1264 966 1326 91
990 1280 1026 1326 er.
1049 1261 1161 1342 quarta
1184 1261 1321 1344 epistula
1344 1280 1402 1325 vor
1426 1279 1496 1328 una.

269 1349 358 1429 Quod
385 1349 509 1432 quidem
534 1351 649 1415 mirum
674 1352 752 1416 mibi
777 1371 838 1416 non
862 1351 995 1428 videtur,
1020 1351 1166 1432 quoniam
1190 1351 1255 1414 tres
1279 1350 1354 1414 illac
1379 1351 1498 1433 epistu-

267 1440 318 1503 lae
353 1439 454 1504 multo
492 1442 523 1504 et
557 1441 714 1524 longiores
752 1443 784 1506 et
814 1439 1059 1524 praestantiores
1092 1440 1165 1502 sunt
1196 1440 1319 1508 ceteris.
1376 1439 1498 1503 Deinde

269 1530 384 1608 autem,
409 1548 480 1594 cunr
504 1531 647 1595 nonnulli
672 1531 878 1615 epistularum
906 1531 968 1595 1991
993 1547 1010 1593 1
1034 1529 1249 1612 grammaticis
1275 1529 1498 1612 vituperentur,

267 1620 437 1683 tamenne
461 1639 558 1683 unum
582 1620 709 1702 quidem
734 1622 892 1686 auctorem
918 1619 1088 1702 quidquam
1113 1617 1215 1683 dicere
1239 1618 1392 1694 videmus,
1416 1617 1498 1683 unde

269 1727 339 1773 eum
372 1707 409 1773 de
442 1709 588 1791 epistulis
620 1711 686 1774 iure
711 1710 918 1775 Demostheni
951 1707 1127 1773 tribuendis
1153 1707 1296 1772 dubitare
1320 1708 1497 1791 colligatur.

268 1799 377 1880 ltaque
402 1799 522 1862 veteres
548 1799 585 1863 de
609 1799 670 1864 fide
695 1801 902 1883 epistularum
926 1818 988 1864 non
1012 1798 1175 1862 dubitasse
1200 1799 1339 1881 apparet.

375 1888 449 1952 Veri
473 1890 578 1952 autem
604 1889 709 1954 simile
734 1891 783 1954 est
805 1889 863 1952 has
888 1907 1010 1970 quoque
1035 1886 1187 1970 epistulas
1212 1907 1274 1952 non
1298 1905 1388 1951 secus
1406 1888 1498 1969 atque

268 1977 425 2042 orationes
450 1977 673 2042 Demosthenis
699 1979 865 2061 diligentia
888 1976 1170 2044 Alexandrinorum
1199 1976 1348 2041 collectas
1374 1977 1498 2041 91919-

266 2066 407 2130 tionibus
439 2086 574 2131 annexas
607 2087 686 2136 esse.
734 2067 835 2148 Quare
867 2067 900 2131 in
933 2065 1093 2132 codicibus
1123 2065 1346 2150 manuscriptis
1371 2067 1498 2148 excepto

266 2155 411 2220 Parisino
434 2156 491 2220 illo
516 2162 544 2220 Σ
564 2157 673 2222 1111911
690 2158 814 2242 signato
831 2157 979 2221 ultimum
998 2156 1102 2221 locu-m
1120 2155 1272 2233 obtinent,
1289 2157 1320 2219 in
1338 2154 1499 2220 nonnullis

266 2247 372 2309 tamen
404 2245 521 2310 maiore
548 2264 584 2309 91
616 2249 705 2330 parte
728 2247 895 2312 mutilatae
920 2248 1010 2324 sunt,
1042 2244 1075 2309 id
1100 2244 1183 2326 quod
1206 2245 1239 2309 in
1262 2245 1324 2309 fine
1347 2245 1499 2309 librorum

267 2335 360 2399 facile
393 2335 461 2400 fieri
485 2335 600 2418 potuit.
648 2337 735 2402 Unus
759 2337 815 2400 1119
840 2335 935 2401 codex
960 2335 1122 2400 Parisinus
1148 2334 1301 2418 epistulas
1324 2334 1406 2398 inter
1431 2353 1499 2398 ora·
1577 2345 1590 2360 ⁵

265 2424 368 2489 tiones
400 2425 443 2490 35
476 2425 507 2490 91
539 2425 598 2501 27,
634 2426 717 2491 inter·
749 2427 1022 2512 παραγραφικοὺς
1053 2426 1084 2488 91
1115 2423 1351 2510 ἐπιτροπικοὺς
1381 2423 1498 2509 λόγους

265 2514 401 2578 11991119
425 2514 530 2582 habet.
578 2513 667 2594 Quod
692 2516 745 2598 qui
768 2515 886 2579 factum
911 2515 969 2593 sit,
1001 2514 1051 2581 W.
1077 2512 1221 2578 Christus
1235 2513 1256 2591 ¹)
1282 2513 1496 2578 demonstrare

266 2604 405 2670 conatur.
452 2605 497 2667 Dr
529 2605 662 2668 servatis
695 2605 776 2668 eninr
808 2623 954 2668 versuum
978 2604 1116 2667 numeris
1141 2604 1173 2667 91
1196 2601 1495 2686 praescriptionibus

267 2694 299 2757 et
322 2691 607 2775 subscriptionibus
633 2694 748 2758 conicit
769 2713 803 2757 99
820 2695 970 2776 tempore,
988 2712 1048 2775 quo
1065 2691 1203 2756 nondum
1221 2693 1355 2757 maiores
1373 2691 1496 2756 codices

266 2781 371 2846 omnia
396 2801 489 2864 opera
505 2783 728 2847 Demosthenis
753 2783 961 2861 continentes,
986 2782 1042 2847 sed
1066 2782 1192 2865 singule
1209 2781 1319 2864 papyri
1329 2781 1497 2846 uolumina

266 2871 461 2950 exstiterint,
495 2872 720 2937 Demosthenis
746 2874 864 2956 scripta
887 2873 920 2936 in
945 2892 997 2937 ser
1021 2874 1127 2955 partes
1153 2871 1254 2936 divisa
1278 2871 1392 2946 luisss;
1425 2890 1496 2936 curn

266 2979 337 3025 vero
369 2961 512 3044 singulae
536 2964 642 3044 partes
666 2962 698 3026 in
723 2983 820 3027 unum
843 2965 964 3027 tornum
989 2958 1200 3048 (πανόέκτης)
1225 2960 1495 3043 coniungerentur,

265 3050 357 3114 facile
388 3050 457 3115 fieri
485 3051 643 3134 potuisse,
676 3054 712 3116 ut
735 3053 856 3117 scribae
881 3053 1032 3133 quasdam
1056 3052 1161 3134 partes
1186 3050 1265 3114 falso
1290 3051 1377 3129 loco,
1410 3050 1496 3115 velut

266 3139 420 3222 epistulas
444 3141 672 3205 intermedias
697 3142 855 3205 orationes
880 3140 1071 3205 collocarent
1095 3145 1136 3223 (p.
1162 3139 1362 3217 ers-215).

372 3229 454 3294 Ordo
487 3230 695 3313 epistularum
727 3231 821 3313 vulgo
853 3229 990 3295 traditus
1022 3249 1084 3312 qua
1114 3231 1236 3294 ratione
1260 3229 1380 3293 nitatur
1403 3229 1495 3312 plane

265 3337 326 3383 non
350 3318 549 3402 intellegitur
573 3338 672 3401 neque
696 3339 768 3384 vcro
793 3338 904 3384 causas
928 3320 1082 3398 novimus,
1110 3339 1163 3383 cur
1186 3320 1218 3383 in
1239 3318 1345 3383 codice
1362 3324 1390 3382 Σ
1404 3318 1496 3383 911191

265 3409 358 3489 atque
381 3409 415 3472 in
438 3408 569 3490 reliquis
593 3408 684 3473 libris
701 3409 925 3492 manuscriptis
944 3409 1098 3492 epistulae
1114 3408 1280 3473 tradantur
1296 3408 1354 3472 hoe
1371 3407 1494 3473 ordine:

264 3499 289 3576 l,
313 3497 366 3577 IV,
390 3499 430 3578 11,
455 3498 492 3576 V,
516 3499 572 3576 III,
602 3500 689 3563 serta
713 3502 818 3564 autem
844 3499 981 3582 epistula
1006 3498 1103 3566 deest.
1150 3497 1288 3579 Uterque
1313 3497 1387 3562 ordo
1411 3497 1496 3562 iusta

264 3587 385 3652 ratione
417 3588 512 3655 caret.
559 3588 642 3652 Nam
667 3589 695 3653 si
720 3608 771 3653 eos
796 3589 1000 3672 respicimus,
1034 3587 1073 3652 ad
1097 3606 1174 3669 quos
1200 3587 1354 3671 epistulae
1378 3587 1495 3652 missas

265 3678 356 3755 sunt,
387 3677 434 3742 ita
458 3679 533 3740 sunt
556 3677 776 3757 secernendae,
802 3681 845 3758 ut,
870 3698 941 3742 curn
964 3678 1103 3759 reliquae
1128 3677 1263 3758 quinque
1287 3676 1327 3742 ad
1351 3678 1495 3740 senatum

263 3767 475 3848 populumque
496 3766 724 3832 Atheniensem
748 3769 883 3850 scriptae
908 3768 982 3846 sint,
1007 3766 1117 3849 quinta
1141 3766 1278 3849 epistula
1302 3766 1495 3849 singularem

263 3855 367 3920 locum
392 3856 541 3934 obtineat,
566 3858 676 3938 utpote
700 3876 779 3939 quae
804 3857 842 3922 ad
865 3857 1026 3921 hominem
1049 3857 1207 3938 privatum
1224 3855 1297 3920 data
1314 3856 1366 3922 sit.
1414 3855 1494 3920 Rec-

263 3944 327 4009 tius
360 3947 466 4010 autsm
497 3945 638 4011 ordinem
671 3947 877 4030 epistularum
910 3965 945 4011 91
976 3948 1133 4028 tempore,
1166 3965 1225 4028 quo
1251 3946 1386 4029 scriptae
1411 3945 1494 4024 sunt,

264 4034 502 4103 constituemus.
548 4036 617 4100 Hac
636 4037 758 4101 ratione
774 4037 906 4118 probata
921 4037 1059 4118 primum
1074 4036 1179 4100 locum
1196 4036 1323 4117 quintae
1340 4034 1494 4118 epistulae

373 4231 396 4292 11
418 4230 469 4284 Die
482 4229 709 4301 Atticusansgsbe
723 4231 770 4286 des
783 4231 988 4299 Demosthenes,
1003 4232 1046 4286 ein
1059 4231 1171 4302 Bcitrag
1184 4248 1230 4284 nur
1241 4230 1494 4300 Tertesgeschichte

263 4318 310 4372 des
329 4317 437 4386 Autem,
456 4319 588 4376 Abhandl.
615 4322 662 4376 der
680 4321 713 4375 Κ.
732 4321 805 4392 bayr.
825 4320 968 4376 Academie
994 4321 1041 4376 der
1058 4321 1147 4390 Wiss,
1166 4320 1370 4391 philos-philol.
1391 4318 1491 4388 Classe,

265 4411 297 4462 16
316 4408 375 4477 Ba,
394 4409 444 4464 ΙΠ.
464 4409 592 4476 Abtheil,
611 4429 638 4481 p.
659 4413 808 4466 roc-234.
