3288 5070
280 1529 361 1613 Arte
393 1545 503 1611 critica
533 1545 565 1609 in
598 1542 665 1609 dies
697 1542 799 1626 magis
831 1542 995 1627 magisque
1020 1542 1144 1608 exculta
1168 1541 1330 1626 cognitum
1355 1543 1404 1606 est

173 1637 348 1719 permultas
373 1635 530 1718 epistulas
555 1634 649 1699 claris
674 1634 749 1697 viris
775 1632 962 1715 adscriptas,
987 1651 1065 1715 quae
1090 1652 1126 1697 ex
1146 1632 1305 1698 veteribus
1321 1633 1404 1696 tem·

175 1726 304 1808 poribus
329 1725 369 1790 ad
391 1744 449 1789 nos
473 1725 691 1808 pervenerunt,
716 1723 941 1804 suppositicias
967 1741 1045 1791 esse.
1093 1721 1274 1788 Cavendum
1297 1721 1405 1786 tamen

175 1816 241 1894 est,
275 1833 314 1880 ne
346 1813 436 1896 quasi
467 1813 588 1878 indicta
619 1831 714 1877 eausa
731 1811 777 1876 ad
800 1831 895 1876 unam
920 1831 1028 1877 omues
1052 1812 1127 1876 illae
1152 1812 1307 1894 epistulae
1331 1831 1405 1876 con-

175 1904 371 1972 demnentur.
419 1902 680 1968 Demosthenioas
709 1903 815 1966 autem
840 1920 918 1984 quae
941 1901 1084 1966 feruntur
1108 1902 1262 1985 epistulas
1286 1901 1406 1965 indicta

175 2013 269 2058 causa
293 1993 518 2059 condemnatas
543 2010 612 2057 esse
633 1990 810 2076 Blassius1)
836 1991 960 2074 quidem
986 1991 1149 2057 contendit
1172 1990 1266 2073 idque
1291 2009 1346 2055 suo
1370 1991 1407 2054 ut

175 2083 320 2166 equidem
351 2082 528 2166 putaverim
560 2081 643 2160 iure,
676 2079 823 2163 quoniam
854 2081 913 2145 viri
944 2081 1029 2146 docti
1061 2083 1133 2146 ante
1159 2100 1230 2146 eum
1254 2099 1316 2146 non
1340 2081 1407 2144 tam

176 2173 471 2238 demonstraverunt
498 2190 591 2254 quam
615 2169 850 2251 indicaverunt,
882 2170 957 2253 quid
982 2171 1113 2254 quisque
1138 2170 1175 2236 de
1200 2170 1407 2253 epistularum

177 2262 239 2327 fide
264 2262 423 2329 sentiret·

283 2352 370 2415 Inter
383 2369 436 2415 eos
448 2351 553 2414 autem
565 2350 649 2414 viros
664 2349 782 2429 doctos,
793 2349 847 2432 qui
855 2349 1104 2415 Demosthenem
1118 2351 1277 2414 auctorem
1288 2349 1408 2431 epistu-

176 2441 279 2505 larum
295 2459 364 2504 esse
379 2441 502 2523 putant,
515 2439 651 2522 primum
665 2457 874 2504 commemoro
892 2439 976 2504 Hier.
990 2437 1181 2524 Wolfiumq,
1195 2439 1248 2521 qui
1262 2438 1408 2521 epistulis

176 2549 274 2613 paene
292 2530 332 2594 ad
348 2529 496 2594 lacrimas
515 2547 548 2593 se
565 2530 754 2594 commoveri
770 2529 945 2612 profitetur.
993 2530 1074 2594 Item
1090 2526 1267 2614 Reishius3)
1284 2529 1409 2592 tantum

177 2619 284 2698 abeat,
316 2621 352 2683 ut
383 2619 536 2702 epistulas
569 2618 824 2684 aDemosthene
856 2618 1080 2683 abiudicandas
1107 2637 1176 2683 esse
1200 2620 1344 2696 censeat,
1374 2617 1412 2681 ut

176 2709 217 2773 iis
251 2727 286 2773 se
321 2707 424 2792 magis
460 2727 554 2791 quam
586 2707 780 2773 orationibus
812 2707 962 2773 delectari
993 2708 1121 2772 disertis
1153 2708 1256 2773 verbis
1288 2707 1409 2774 doceat.

177 2798 265 2864 Idem
299 2798 361 2863 alio
392 2797 461 2862 1000
472 2794 500 2881 4)
532 2798 626 2862 dicit:
665 2798 837 2876 „Universe
868 2798 918 2862 his
952 2797 1098 2881 epistulis
1122 2795 1205 2882 (scil.
1229 2792 1411 2879 Aeschinis)

178 2906 289 2969 parum
321 2886 506 2969 diligentiae
538 2886 685 2965 adhibui,
717 2887 956 2953 annotationum
985 2888 1066 2952 nihil
1090 2886 1212 2967 addidi,
1245 2905 1323 2969 quae
1347 2885 1413 2950 siut

180 2975 346 3055 confictae,
370 2975 433 3040 isto
458 2974 585 3039 nomine
609 2974 768 3059 indignae.
815 2976 1040 3042 Demosthenis
1065 2978 1171 3041 autem
1196 2994 1274 3059 quae
1298 2992 1412 3039 nomen

179 3065 369 3149 praeferunt,
394 3065 460 3130 cius
486 3067 569 3144 sunt,
594 3065 748 3148 genuinae
766 3067 850 3145 sunt,
866 3068 933 3131 tarn
949 3065 1123 3149 perspicuis
1140 3065 1312 3150 insignitae
1328 3064 1412 3129 notis

181 3153 334 3235 ueritatis,
358 3155 395 3219 ut
419 3173 512 3220 sensu
533 3172 637 3218 carere
654 3173 725 3219 eum
743 3174 871 3220 neeesse
889 3156 932 3220 sit
949 3155 1002 3239 qui
1018 3158 1126 3221 contra
1142 3156 1257 3224 dicat.“
1303 3153 1414 3237 Neque

180 3242 525 3329 0100080100111001)
557 3243 711 3327 epistulas
743 3264 798 3328 pro
828 3245 972 3328 genuinis
996 3245 1102 3314 habet.
1149 3245 1255 3310 Etiam
1278 3243 1414 3309 Wachs-

181 3335 322 3399 muthius
333 3333 359 3418 6)
391 3334 424 3398 in
458 3334 567 3400 eadem
599 3333 697 3398 fuisse
729 3334 887 3400 sententia
917 3335 1052 3404 videtur.
1110 3333 1266 3414 Quattuor
1299 3333 1415 3398 saltem

292 3604 315 3667 lt
337 3599 370 3654 In
387 3601 619 3670 commentatione,
631 3601 673 3655 cui
683 3601 841 3656 inscribitur
857 3601 946 3657 Ueber
959 3603 1002 3657 die
1012 3601 1142 3656 Echtheit
1154 3601 1201 3656 der
1210 3598 1415 3655 Demosthenes'

183 3689 289 3745 Numen
307 3691 457 3761 tragenden
476 3690 575 3759 Brieie,
594 3691 623 3746 in
641 3708 730 3762 progr.
750 3691 903 3761 Regimont.
925 3693 1001 3760 1875,
1021 3709 1082 3762 pag.
1104 3695 1128 3745 l.

289 3778 316 3850 8)
335 3780 368 3834 10
387 3780 573 3850 Dem-oper.
598 3797 612 3835 0
632 3779 733 3835 Graeco
751 3781 780 3834 in
799 3781 859 3834 Lat.
880 3797 1028 3835 sermonem
1048 3798 1182 3850 convers,
1208 3782 1286 3850 Bas,
1310 3783 1375 3834 tom.
1394 3780 1417 3846 I,

185 3889 212 3941 p.
233 3874 292 3926 117.

291 3959 318 4030 8)
336 3959 369 4014 10
388 3960 529 4030 interpret.
548 3976 632 4029 germ.
652 3977 762 4030 operum
781 3961 858 4014 Dem.
878 3963 898 4014 t.
918 3960 954 4029 H,
974 3978 1000 4031 p.
1021 3963 1081 4016 783.

295 4051 322 4120 4)
342 4048 382 4104 cf.
402 4050 460 4104 eius
479 4051 599 4104 annotat.
619 4050 653 4104 ad
671 4049 813 4104 Aeschinis
833 4050 963 4119 epistulas
981 4050 1010 4103 in
1029 4049 1151 4104 Dobsoni
1170 4051 1289 4105 editione
1309 4067 1419 4120 operum

184 4139 261 4196 Dem.
283 4143 310 4196 et
329 4139 435 4209 Aesch,
455 4139 573 4194 Londini
594 4141 671 4204 1828,
690 4142 755 4193 tom.
776 4142 793 4194 8
811 4139 928 4210 (Aesch.)
947 4157 974 4209 p.
993 4143 1054 4195 866.

292 4228 318 4298 5)
337 4229 370 4284 10
396 4228 474 4298 libro,
495 4229 539 4284 cui
556 4228 715 4283 inscribitur
733 4228 778 4284 (10.
798 4229 1112 4299 Litteraturgeschichta‚
1131 4229 1251 4300 Uebers,
1269 4230 1291 4300 Ι,
1311 4247 1338 4299 p.
1358 4232 1420 4284 421.

292 4321 322 4388 6)
341 4318 382 4374 cf.
408 4319 466 4374 eius
486 4319 562 4389 lihn,
589 4334 668 4389 quem
686 4318 826 4389 inscripsit
858 4318 1030 4375 Hellenische
1059 4319 1333 4385 Alterthumsknnde,
1358 4319 1421 4373 Hal.

187 4407 256 4474 Sex,
278 4405 371 4479 18442,
390 4410 444 4465 rol.
461 4410 484 4479 I,
503 4428 530 4481 p.
550 4413 611 4465 672.

1172 4499 1208 4555 l*
