3288 5070
126 557 195 636 iano
219 569 277 637 illo
300 574 460 637 mortuum
485 589 563 640 esse.
610 567 648 636 In
673 571 747 638 vitis
771 573 800 636 X
823 571 900 640 orat.
925 591 955 653 p.
981 573 1044 636 846
1070 570 1148 636 Ode
1164 571 1353 636 Demosthe-

123 662 172 726 nis
196 662 298 744 priore
329 661 404 744 fuga
435 660 515 726 nihil
547 661 633 726 aliud
660 661 796 726 traditur
820 660 881 725 nisi
905 661 980 725 hoo:
1012 662 1067 725 καί
1090 659 1189 737 ἁλοὺς
1212 658 1353 748 έφυμεν;
1378 706 1380 711 -

123 751 231 833 paullo
263 753 370 817 autem
400 752 473 834 post
496 752 544 828 (n)
568 751 704 834 legimns
729 751 976 816 Demosthenem
1004 750 1171 835 Antipatro
1195 751 1354 832 poscente,

124 842 159 904 nt
183 840 245 904 sibi
267 840 510 906 Atheniensium
534 842 672 905 oratores
696 840 869 917 tradantur,
888 838 1066 904 Cataoniam
1090 839 1227 922 fugisse:
1253 864 1354 904 κατα-

124 929 274 994 tradend
299 934 521 1017 Δημοσθένης
547 933 607 1017 τήν
639 931 738 996 πόλιν
768 928 869 1017 ἐφυγε
898 930 1118 1013 πρῶτονμὲν
1141 928 1355 1014 είςᾸίμιναν

124 1018 181 1084 ἐπὶ
194 1019 231 1082 τὸ
245 1019 407 1084 Αἰάκειον
423 1020 676 1103 καθεδούμενος,
696 1020 858 1106 φοβηθεὶς
874 1013 900 1083 δ
919 1019 965 1094 εἰς
980 1019 1190 1103 Καλαυρείαν
1205 1023 1353 1105 μετέστη.

125 1107 287 1174 ἐκδιδόναι
309 1109 344 1173 δέ
367 1109 445 1185 τοὺς
468 1109 606 1196 ῥήτορας
629 1118 697 1174 τῶν
720 1106 911 1196 Ἀθηναίων
937 1112 1182 1194 ψηφισαμένων
1204 1106 1356 1172 κάκεῖνον

124 1202 283 1282 καθέζετο
308 1197 413 1285 ἱκέτης
436 1197 473 1263 ἐν
488 1205 535 1283 τηῖ
550 1207 609 1263 τοῦ
626 1199 837 1274 Ποσειδῶνος
852 1197 936 1283 ἱερηῖ.
985 1197 1102 1262 Zosimi
1115 1196 1136 1274 ¹)
1152 1197 1354 1262 Ascalonitae

125 1287 191 1351 vita
213 1287 304 1350 Dem.
335 1286 372 1351 do
396 1287 498 1368 priore
522 1287 595 1370 fuga
619 1287 843 1352 Demosthenis
868 1285 945 1351 haec
977 1286 1118 1351 exhibet:
1151 1285 1357 1372 ὑπονοηθεὶς

125 1374 170 1452 ὡς
192 1375 303 1458 λαβὼν
326 1372 403 1462 παρ>
429 1375 533 1441 αὐτοῦ
549 1381 707 1464 χρήματα,
732 1378 859 1464 κριθεὶς
877 1375 934 1441 ἐπὶ
951 1380 1158 1463 πεντήκοντα
1175 1375 1357 1450 ταλάντονς

125 1464 249 1552 ἐφυγεν
279 1465 325 1542 είς
346 1465 512 1551 Αἰ’γιναν;
542 1466 650 1548 paullo
683 1484 755 1531 vero
786 1466 867 1530 infra
897 1464 974 1530 haee
1004 1465 1122 1530 tradita
1153 1466 1242 1531 sunt:
1274 1465 1357 1528 ὅθεν

126 1554 333 1641 ὀργιζόμενος
349 1552 568 1641 Ἀντίπατρος
591 1553 786 1642 ἐστράτευσε
802 1557 885 1620 κατὰ
902 1563 969 1620 τῶν
985 1552 1185 1641 Ἀθηναίων.
1205 1555 1356 1640 προορώ-

125 1667 226 1726 μενος
256 1643 291 1707 δὲ
314 1643 332 1707 ό
355 1648 577 1731 Λημοσθένης
601 1682 641 1691 -
666 1643 790 1731 ἐἰμυγεν
813 1644 859 1720 εἰς
890 1645 927 1708 τό
951 1644 1040 1729 ἱερὸν
1063 1652 1122 1708 τοῦ
1146 1643 1358 1718 Ποσειδῶνος

126 1733 164 1798 τὸ
188 1730 224 1797 ἐν
248 1738 287 1820 τῇ
311 1732 500 1820 Καλαυρείᾳ
523 1740 563 1821 τῇ
586 1739 676 1821 νήσηι
700 1739 740 1821 τῇ
764 1734 848 1818 πρὸς
864 1740 903 1821 τῇ
922 1738 1084 1820 Τροιζῆνι.
1132 1733 1169 1796 In
1193 1732 1259 1796 vita
1282 1749 1358 1796 ano·

126 1817 250 1905 nymi‘r)
281 1821 529 1887 Demosthenem
563 1823 700 1905 primum
736 1822 862 1905 quidem
897 1823 1086 1887 Troezenem
1122 1841 1155 1886 se
1185 1820 1358 1886 contulisse

125 1910 279 1976 traditur:
303 1913 514 1998 κατακριθεὶς
537 1947 578 1957 ⁶-
603 1911 763 2000 άπήλθην
786 1912 832 1989 εἰς
850 1917 1013 1999 Τροιζῆνα
1036 1916 1207 1997 κρείττονα
1231 1919 1298 1975 τιῖιν
1322 1907 1359 1974 ἐν

125 1998 285 2087 Ἀθήναις
307 2001 437 2084 δεσμῶν
460 2004 520 2088 τήν
543 1999 579 2085 ἐξ
600 1999 756 2089 Ἀθηνῶν
788 2005 898 2089 φυγήν
921 2002 1115 2084 δοκιμάσας,
1149 1999 1261 2064 deinde
1286 2017 1358 2064 varo

125 2089 294 2171 Antipatro
319 2089 427 2156 decem
451 2093 591 2156 oratores
615 2093 765 2173 poscente
789 2090 968 2156 Cataoniam
993 2089 1171 2172 confugisse
1195 2090 1357 2154 narratur:

126 2183 348 2266 Δημοσθένης
378 2178 573 2267 εὐλαβηθείς
604 2179 650 2257 εἰς
680 2181 891 2266 Καλαυρείαν
923 2179 1051 2266 ἀπέδρα
1075 2181 1128 2244 καὶ
1152 2187 1211 2243 τοῦ
1236 2184 1358 2242 Ποσει-

127 2268 232 2344 δεῖνος
247 2268 353 2356 ἱκέτης
368 2267 514 2354 ἐγένετο·
540 2270 578 2334 τὸ
590 2269 625 2334 δὲ
638 2269 726 2356 ἱερὸν
737 2269 863 2334 άσολον
879 2267 982 2334 ἐδόκει
994 2271 1052 2333 oet.
1100 2267 1191 2351 Apud
1209 2267 1359 2332 Photium

126 2359 159 2422 in
184 2357 261 2425 hihi.
286 2356 344 2422 ood
368 2358 432 2423 265
449 2378 479 2440 p.
496 2360 563 2423 494
587 2357 625 2422 δε
648 2359 751 2440 priore
766 2359 841 2441 fuga
857 2357 1081 2422 Demosthenis
1097 2357 1174 2422 haee
1189 2357 1358 2439 leguntur:

127 2449 181 2512 καί
204 2446 304 2523 ιὶλοδς
327 2445 436 2534 ἔφυγε,
463 2447 501 2512 de
526 2448 625 2513 altera
649 2450 754 2512 autem
778 2447 853 2530 fuga
876 2447 970 2512 haec:
996 2446 1069 2512 ἐπεὶ
1093 2447 1127 2511 δέ
1143 2443 1361 2531 Ἀντίπατρος

129 2573 168 2582 -
194 2535 321 2622 ἠπείλει
353 2572 394 2584 -
428 2539 658 2625 πολιορκήσειν
689 2538 766 2614 τοὺς
795 2531 1012 2625 Ἀθηναίους,
1045 2536 1074 2601 εἰ
1102 2539 1146 2622 μή
1180 2534 1361 2621 παραδοῖεν

128 2624 219 2710 adep
242 2626 320 2702 τοὺς
343 2626 489 2714 ῥήτορας,
514 2628 709 2692 καταλιπὼν
733 2627 750 2693 δ
777 2627 883 2713 ῥήτωρ
908 2629 969 2714 τήν
986 2663 1026 2671 -
1049 2626 1149 2691 πόλιν
1172 2623 1283 2712 ἐἰμυμε.
1307 2624 1362 2688 καὶ

128 2724 265 2801 πρῶτον
287 2716 349 2798 μὲν
364 2716 487 2804 Αἰγίνη
512 2716 648 2804 ἀπέστη,
666 2713 736 2782 εἶτα
758 2757 797 2766 -
823 2716 869 2792 εἱς
884 2716 1076 2802 Ιίαλαβρίαν
1100 2714 1193 2797 (quod
1217 2714 1306 2778 muta
1328 2713 1361 2776 in

129 2804 352 2890 Καλαυρείαν)
375 2810 523 2892 μετέστη.
552 2815 670 2893 ψῆφον
686 2806 720 2870 δὲ
736 2810 892 2888 θεμένων
907 2803 1098 2892 Ἀθηναίων
1118 2802 1270 2869 ἐκδοῦναι
1285 2803 1363 2878 τοὺς

129 2893 277 2979 ῥήτορας,
304 2893 410 2980 ἱκέτης
432 2892 468 2959 ἐν
492 2900 539 2978 τῷ
562 2903 621 2958 τοῦ
637 2895 849 2970 Ποσειδῶνος
865 2895 1089 2981 προσήδρευεν
1105 2894 1189 2978 ἱερῷ,
1237 2892 1274 2955 In
1298 2891 1364 2955 vita

129 2980 372 3061 Demosthenis,
402 3001 497 3064 quam
521 2982 634 3048 Suidas
657 2983 760 3065 primo
783 2984 853 3049 looo
877 2983 982 3062 habet,
1007 2983 1046 3048 de
1070 2983 1136 3047 eius
1161 2982 1262 3047 morte
1285 2980 1362 3044 haee

130 3072 314 3135 narrantur:
347 3069 536 3160 ἐτελεύτησε
567 3072 601 3138 δέ
633 3074 751 3160 φυγὼν
775 3073 821 3149 εἰς
843 3072 1055 3156 Καλαυρείαν
1079 3070 1116 3138 ἐν
1140 3077 1186 3157 τιή
1209 3079 1268 3134 τοῦ
1292 3074 1363 3133 Πο-

130 3159 287 3236 σειδῶνος
318 3160 394 3247 ἱερῷ
424 3162 477 3226 aaa
511 3163 570 3228 τόν
602 3162 782 3228 Μακεδόνα
816 3160 1048 3249 Ἀντίπατρον.
1097 3163 1133 3225 ln
1165 3159 1260 3225 tertia
1292 3177 1364 3222 vero

131 3248 246 3314 Snidae
281 3249 347 3315 vita
380 3251 628 3317 Demosthenem
662 3253 799 3334 primum
834 3251 1023 3316 Troezenem
1059 3251 1178 3334 fugisse
1208 3247 1362 3314 traditur:

130 3340 184 3404 καὶ
208 3336 331 3426 ἐφυγεν
354 3340 400 3416 εἰς
425 3347 598 3428 Τροιζῆνα,
624 3341 766 3424 pergitur
790 3343 912 3406 autem:
937 3339 1153 3428 Ἀλεξάνδρου
1177 3340 1211 3404 δέ
1235 3337 1272 3403 ἐν
1295 3343 1365 3401 Βα-

130 3429 255 3512 βυλῶνι
285 3429 541 3516 τελευτήσαντος
564 3430 581 3496 d
605 3435 828 3518 Δημοσθένης
850 3431 995 3517 κατήλθε
1019 3429 1161 3516 κληθείς.
1206 3424 1365 3493 Ἀντίπα-

132 3541 209 3604 τρος
240 3517 274 3582 δέ
298 3518 398 3602 άρξας
421 3529 488 3585 τιῖν
508 3514 673 3608 Ἑλλήνιον
705 3525 845 3605 πέμψας
873 3517 994 3603 ἐξαιτεῖ
1015 3520 1093 3594 τοὺς
1117 3518 1193 3582 δέκα
1217 3516 1364 3603 ῥήτορας.

133 3605 297 3672 ἐκδόντων
314 3603 504 3695 Ἀθηναίων
525 3608 542 3673 ὁ
558 3614 780 3698 Λημοσθένης
796 3609 841 3685 εἰς
853 3610 1064 3694 Καλαυρείαν
1080 3606 1212 3694 ἔφυμεν.
1253 3605 1367 3668 Restat

133 3695 267 3778 denique
302 3697 338 3761 ut
374 3715 426 3775 ea,
459 3716 538 3781 quae
569 3699 724 3763 Maximus
756 3698 914 3763 Planudes
947 3697 984 3762 de
1009 3694 1234 3762 Demosthenis
1263 3693 1367 3775 priore

133 3785 208 3867 fuga
233 3785 361 3868 profert,
385 3786 537 3852 adiciam:
569 3787 697 3876 άπέδρα
728 3796 788 3852 τοῦ
819 3788 1042 3874 δεσμωτηρίου
1065 3787 1120 3850 καὶ
1143 3783 1299 3870 άπήλθεν
1323 3782 1369 3858 εἰς

137 3881 317 3964 Τροιζῆνα,
350 3875 507 3942 κάκεῖθεν
537 3875 584 3953 είς
612 3877 742 3963 Ἄργος·
780 3877 864 3942 ὅθεν
894 3883 941 3961 τήν
972 3876 1063 3963 δήμῳ
1099 3877 1157 3950 τὰς
1191 3872 1369 3947 ἐπιστολάς

135 3962 319 4030 ἐπιστέλλει
350 3969 473 4043 ταύτας
495 3965 545 4044 (cf.
571 3984 666 4048 supra
689 3985 719 4049 p.
744 3963 789 4051 9).
837 3967 882 4030 Dr
906 3965 957 4030 his
982 3965 1077 4048 igitur
1099 3961 1293 4028 testimoniis
1318 3960 1367 4024 ni·

135 4052 182 4116 hil
214 4053 292 4119 certi
326 4055 435 4138 oolligi
466 4056 583 4138 potest.
630 4055 734 4120 Unum
767 4056 825 4120 hoo
861 4055 1006 4120 omnihus
1039 4071 1203 4119 commune
1236 4052 1285 4115 est
1309 4048 1368 4115 Oa-

137 4231 350 4243 ἡψ-

247 4340 323 4408 l)1n
343 4343 408 4394 orat.
428 4356 467 4410 gr.
488 4340 529 4394 ed.
550 4340 640 4396 Reislr.
660 4341 712 4396 vol.
731 4339 778 4410 lv,
797 4353 823 4410 p.
847 4341 905 4406 150,
925 4357 950 4410 p.
971 4342 1030 4394 153.

245 4430 270 4493 9)
294 4429 365 4484 inid.
384 4447 410 4500 p.
433 4433 483 4485 158
502 4447 556 4500 seq.
