3288 5070
703 383 744 446 41

647 473 807 482 -ι--

112 580 258 697 ἐμαυτοῦ
293 577 518 666 κυρίουςί
502 589 587 662 υμᾶς
619 577 789 691 ἐποίησα
789 581 843 645 καὶ
879 577 937 644 οὐκ
969 577 1096 666 έφυγον
1127 579 1186 644 τὸν
1219 577 1340 665 ἀγιονα,

112 672 201 755 Ιηνα
190 675 270 758 μήτε
295 670 407 822 προΙδΙῶ
432 672 492 757 την
516 605 712 823 ‘iil'mivpi
700 667 789 756 μίγτ
825 669 1038 755 ἄκυρος)
1006 667 1100 751 ὑμιυν
1124 667 1204 751 ἐμοῦ
1228 669 1342 757 μηδεὶς

115 766 246 848 γένηται
270 759 395 843 (epII,
420 759 483 839 22)
530 756 651 838 Quod
643 759 703 841 rgit
705 779 740 823 nr
771 759 804 823 in
838 759 999 823 enuntiato
1030 758 1179 840 primario
1204 695 1342 824 affiima-

115 851 178 915 tivo
212 849 412 951 exprimitur,
443 847 567 912 idem
558 867 592 911 m
624 849 785 913 enuntiato
817 848 867 912 illi
899 847 1065 913 subiunoto
1095 847 1215 912 duabus
1246 867 1352 932 noga-r

113 939 252 1004 tionibus
269 938 402 1003 adhibit
380 945 421 1002 trs
439 938 549 1002 eadem
565 956 639 1003 vooe
654 938 755 1020 repeti
756 940 821 1002 tur:
847 938 879 1001 in
894 939 950 1020 pot
952 939 1001 1002 est
1003 937 1142 1002 etemAt
1143 937 1343 1002 heniensium

115 1048 147 1093 se
170 1027 323 1110 permisit,
348 1047 387 1092 ne
411 1046 518 1092 eorum
540 1027 692 1109 potestati
717 1046 750 1092 se
766 1027 973 1095 subtraheret.
949 1026 1343 1111 tNeeminusineptus

113 1118 225 1183 tertiae
251 1117 405 1200 epistulae
428 1117 480 1180 hic
503 1117 591 1182 locus
614 1117 754 1181 uidetur:
781 1117 870 1194 ὅσοις
891 1121 1006 1200 μέντοι
1030 1119 1191 1203 πατρικὰς
1214 1117 1342 1203 εὐεργε-

114 1213 185 1285 σίας
208 1206 353 1294 ἀπεμνηι
355 1209 524 1272 ιονεύσατε
555 1214 623 1271 τῶν
653 1207 778 1284 ἄλλων,
811 1207 913 1294 ἡδέως
942 1207 984 1272 ἂν
1014 1205 1116 1289 ἴδοιμι
1145 1205 1231 1289 ὑμᾶς
1260 1206 1342 1272 ἀνα-

112 1301 325 1385 μνησθέντας
353 1302 411 1378 (ep.
436 1295 493 1374 ΙΙ,
520 1297 582 1373 19),
630 1295 758 1375 Confer,
791 1299 827 1360 ut
812 1296 915 1360 thoe
946 1295 1057 1360 sattim
1088 1315 1339 1376 commemorem,

114 1387 212 1451 etiam
236 1405 283 1467 ep.
309 1385 362 1461 IV,
387 1385 463 1449 3:
451 1387 570 1450 σ’σα-
588 1385 797 1496 dplodow‘
767 1410 797 1450 οι
820 1387 905 1466 θεοὶ,
931 1383 1063 1473 δῆλον(
1046 1410 1090 1462 ιος
1113 1386 1341 1496 προλέγουσιν

111 1475 201 1540 Addo
226 1475 308 1540 huno
332 1493 453 1557 quoque
476 1475 598 1539 locum:
624 1472 746 1539 ε’στιό
755 1475 1013 1588 ἡΤροιζηγίιυν
1036 1475 1176 1588 epilepp
1163 1467 1342 1558 μάλιστα

111 1566 173 1648 μὲν
196 1564 227 1630 ol
249 1566 325 1629 θεοὶ
348 1566 402 1628 καὶ
425 1588 482 1651 της
506 1565 645 1678 πρὸς)
612 1563 698 1677 Ιηιᾶς
720 1563 897 1641 εὐνοίας
922 1589 1022 1718 1ενεκα
1053 1566 1107 1629 καὶ
1138 1588 1195 1650 της
1218 1564 1264 1641 εἰς
1287 1563 1343 1647 ipre

112 1653 296 1740 εὐεργεσίας
319 1659 442 1720 ευνοι
466 1657 591 1730 πάντες
614 1653 729 1740 εἴησαν
764 1659 887 1735 (ep,
847 1653 878 1716 ΙΙ
942 1651 1137 1732 9.)Ωαίἀῖ
1122 1590 1342 1718 Pelorissiini

115 1744 247 1808 oratoris
283 1745 430 1825 putemus
466 1743 547 1807 hane
583 1761 652 1807 esse
688 1741 898 1807 clarissimam
922 1656 1026 1807 1illam
1060 1744 1159 1807 artem
1195 1742 1341 1808 dicendi?

115 1831 197 1912 Quin
222 1833 318 1897 etiam
340 1833 373 1896 in
391 1832 528 1915 epistula
543 1831 663 1896 tertia'
654 1851 759 1896 messe
776 1833 976 1897 enuntiatum
992 1853 1086 1915 supra
1110 1831 1175 1896 iam
1196 1830 1341 1911 diximus,

112 1921 193 2004 quod
229 1921 304 2004 quid
341 1921 401 1986 sibi
432 1922 511 1986 velit
541 1921 634 2005 plane
665 1941 727 1986 non
758 1921 973 2004 intellegitur,
1009 1942 1056 2004 ep.
1080 1922 1137 2000 ΙΙΙ,
1170 1922 1229 1986 26:
1266 1922 1344 1998 τοὺς

109 2017 201 2096 βίους
224 2011 360 2096 ἐσῴζετε
384 2019 451 2076 τῶν
475 2012 553 2088 τοὺς
575 2015 698 2094 νόμους
720 2016 876 2094 θεμένων
900 2011 1105 2098 ἀνθρώπων.

217 2099 327 2166 Adioio
352 2101 438 2168 haee.
485 2101 582 2164 Initio
607 2099 761 2164 seoundae
786 2100 940 2183 epistulae
965 2099 997 2186 (ξ
1020 2103 1040 2166 3
1062 2103 1140 2184 seq.)
1158 2099 1343 2165 adhortatur

110 2190 340 2256 Demosthenes
364 2190 458 2268 cives,
483 2209 521 2254 ne
544 2191 658 2272 putent
689 2192 853 2255 eeteros
890 2189 1070 2256 Graecos
1103 2209 1152 2268 ea,
1185 2209 1263 2272 quae
1286 2209 1342 2272 pro

110 2279 383 2346 Atheniensibus
375 2298 443 2361 rpse
460 2279 597 2359 fecisset,
615 2279 731 2344 oblitos
749 2298 836 2355 esse;
861 2298 940 2361 quae
957 2279 1082 2364 singula
1099 2299 1132 2344 se
1150 2279 1342 2370 perscribere

111 2371 255 2436 dubitare
279 2371 311 2434 et
333 2369 470 2433 invidiae
494 2388 588 2434 eausa
612 2370 643 2433 et
667 2369 739 2450 quia
762 2369 971 2434 Athenienses
996 2369 1114 2447 multa,
1146 2387 1226 2451 qnae
1250 2369 1342 2433 rebus

111 2479 129 2524 a
162 2478 195 2524 se
224 2459 324 2542 gestis
348 2477 410 2524 uon
435 2458 531 2541 digna
555 2459 635 2537 sint,
667 2459 794 2540 propter
825 2460 1058 2524 ceterorum
1094 2457 1343 2524 Graecorum

109 2549 337 2632 malignita
319 2549 426 2612 atem
461 2548 561 2612 faeere
586 2548 842 2651 eoguntuutlta
867 2548 1064 2631 auet0r1pse
1088 2547 1152 2612 vim
1176 2548 1342 2612 verborum

109 2657 237 2703 suorum
268 2637 424 2706 debilitat.
401 2636 553 2717 tQuid
586 2638 670 2702 enim
701 2637 788 2702 aliud
818 2638 910 2717 faoit,
943 2637 1027 2702 siin
1051 2637 1160 2702 eudem
1184 2639 1342 2702 sententia

108 2728 246 2810 primum
269 2727 459 2792 Graecorum
490 2727 708 2792 testimonium
740 2727 779 2792 ad
811 2689 1023 2792 confir-’manda
1052 2746 1190 2809 eaquae
1216 2728 1342 2809 exponit

109 2817 258 2892 aduocat,
282 2816 393 2881 deindo
418 2818 523 2882 autem
548 2835 656 2882 eorum
679 2817 861 2900 malignitta
863 2836 912 2882 em
936 2818 1184 2882 commemorat?
1228 2816 1341 2920 Neque

109 2923 183 2970 vero
208 2867 386 2970 solumt
335 2907 386 2970 oet
387 2925 455 2970 eros
473 2905 619 2985 Graecos,
644 2925 752 2971 verum
776 2907 873 2970 etiam
889 2906 1132 2971 Athenienses
1122 2924 1209 2988 1psos
1226 2907 1342 2971 iniuria

108 2993 242 3058 lacessit
274 2993 422 3060 iracunde
456 2995 563 3060 dicens
593 2996 687 3061 haee.
724 2997 761 3060 τὸ
792 2997 852 3105 γὰρ
884 3001 930 3081 τῶ
961 2998 1099 3081 τοιαύτην
1131 3019 1251 3060 τουτον
1283 2995 1342 3060 τὸν

108 3087 238 3169 τρόπον
260 3083 476 3171 κεχρῆσθαι’
463 3087 534 3198 εμηὶ
556 3087 618 3168 μὲν
642 3085 684 3150 αν
708 3109 744 3150 ευ
730 3079 830 3150 oid
857 3086 907 3150 ὅτι
931 3090 1050 3173 φανείη
1075 3085 1250 3172 συγιφαρὰ,
1283 3109 1341 3149 κα-

107 3179 162 3238 κία
128 3173 221 3238 too
245 3172 430 3256 oddoprlu‘
415 3180 555 3260 υμετέρα
579 3174 655 3240 δὲ’
637 3199 768 3260 αγνιοη
757 3177 922 3277 μοσυνη
935 3174 1009 3277 ·(ep
1033 3174 1075 3252 II,
1100 3176 1227 3257 8)ιι
1191 3174 1227 3236 ln
1247 3173 1343 3238 tertia

108 3264 247 3368 epistula
262 3261 473 3328 Athenienses
498 3283 645 3348 magnum
672 3264 799 3346 aliquod
824 3264 999 3329 conuiuium
1023 3225 1184 3346 effigiunt.
1232 3264 1343 3328 Plaoet

108 3352 195 3417 enim
227 3353 346 3416 auctori
376 3353 453 3417 haee
478 3354 614 3418 seribere
638 3354 676 3419 de
700 3353 962 3419 Atheniensibus:
996 3356 1050 3418 καί
1074 3354 1111 3418 τὸ
1133 3353 1258 3440 μηδένα
1282 3352 1341 3418 ἀν-

106 3443 261 3528 θρώπων
296 3441 342 3518 εἰς
374 3442 477 3528 μηδὲν
512 3452 579 3509 τῶν
613 3443 723 3508 ἄλλων
755 3442 979 3530 ἀναισθησίαν
1009 3442 1104 3525 Ιηιιῖιν
1134 3451 1343 3527 καταγνῶναι

107 3531 171 3614 (ep.
195 3530 261 3609 ΙΠ,
293 3531 337 3614 8).
384 3531 490 3595 Etiam
517 3532 672 3616 Areopagi
705 3533 926 3597 auctoritatem
957 3531 1136 3596 maledictis
1167 3531 1342 3595 insectatur

107 3581 315 3702 epistulaium
349 3621 466 3687 auctor.
513 3623 673 3705 Leguntur
705 3621 788 3686 enim
820 3622 897 3686 haee
928 3641 975 3703 ep.
1000 3618 1065 3700 ΙΙΙ,
1096 3621 1157 3684 42:
1194 3620 1341 3686 strideo

107 3710 293 3821 περιηιανὲς
315 3708 408 3792 αξίη
369 3735 394 3772 ιο
410 3734 442 3773 ια
467 3735 523 3797 της
545 3713 665 3799 βουλης
681 3711 751 3799 (τῆς
766 3710 801 3794 εξ
816 3708 944 3797 Αρείου
961 3711 1084 3794 πάγου)
1103 3709 1339 3795 προσβλέπετε,

106 3809 167 3886 τῆς
183 3797 364 3884 Αριστογεί
364 3822 461 3876 τονος
483 3805 619 3886 κρίσεως
642 3801 705 3866 ιινα
698 3805 915 3914 γινησθέντες
934 3799 1180 3886 εγκαλύηίιασθε.
1228 3799 1341 3863 Verbis

107 3890 226 3966 antem,
252 3907 330 3998 quae
351 3889 539 3970 sequuntur.
565 3889 604 3954 ου
620 3893 680 4004 γὰρ
697 3889 759 3972 έχαι
776 3893 897 3956 τούτου
905 3893 1099 3992 ,πραότερον
1116 3892 1342 3975 πρόσφθεγμα

104 3990 177 4054 τοῖς
199 3972 320 4043 aoouvs'
347 3976 361 4042 ἕ
363 3980 655 4066 ξγηιαρτηκόσιν’
628 4004 673 4057 εις
696 4005 761 4062 εμε,
792 3979 969 4044 convicium
993 3999 1053 4044 non
1079 3977 1245 4056 delenitur,
1262 3997 1341 4059 quae

104 4067 273 4132 declarant
297 4051 474 4146 auctorem,
507 4068 634 4133 etiamsi
657 4069 719 4133 sibi
743 4069 887 4134 oonsoius
912 4069 971 4148 sit,
1003 4087 1097 4150 quam
1121 4067 1234 4131 aeriter
1258 4068 1341 4132 eives

104 4155 284 4236 offenderit,
261 4158 416 4221 ttamen
439 4157 498 4222 hoe
521 4157 644 4226 iecisse.
692 4159 780 4223 idern
805 4158 896 4223 doeot
919 4119 1000 4222 alius
1026 4176 1148 4240 quoque
1164 4157 1262 4236 loeus,
1281 4175 1341 4238 qno

104 4247 270 4311 auetorem
293 4246 539 4328 perpendentem
563 4247 725 4326 habemus,
750 4248 930 4313 invenietne
954 4247 1099 4312 idoneam
1124 4265 1241 4326 voeem,
1258 4247 1342 4311 nihi-

102 4335 248 4400 lominus
280 4337 335 4400 aut
337 4353 386 4400 em
417 4337 511 4450 verbo
544 4336 764 4419 αἰσχύνεσθαι
794 4336 832 4402 de
855 4336 1103 4402 Atheniensibus
1127 4336 1237 4403 uittur.
1283 4337 1342 4400 Est

102 4427 213 4490 autem
238 4425 290 4490 hio
313 4425 419 4490 loeus:
453 4426 580 4508 σι’τινες,
607 4453 632 4491 ιο
658 4426 746 4509 (τί’
727 4451 769 4493 αν
793 4427 898 4492 εἰπιον
921 4421 1062 4514 μηθ’)
1030 4437 1187 4512 αμαρτεῖν
1211 4425 1342 4490 ὄοκο
1289 4429 1342 4512 ην
