3288 5070
131 549 231 644 prndio
255 555 341 640 ὑμᾶς
364 555 485 622 ἀδικῶν
507 565 643 622 τοιαῦτα
660 563 848 640 πείσεσθαι,
867 557 950 622 ἀλλὰ
965 559 1019 622 καὶ
1034 563 1150 645 μέτρια
1166 558 1208 624 ἂν
1224 557 1365 646 ἐξαμαρ-Ι

132 647 198 711 τὼν
233 647 427 732 συγγνώμης
461 649 647 728 τεύξεσθαι.
696 645 850 711 Similiter
886 647 903 729 ἕ
936 648 957 712 5
988 647 1124 712 traditur
1157 648 1365 712 Demostheni

131 754 317 818 persuasum
342 753 412 799 esse
436 753 470 799 se
494 737 599 800 omnia
622 736 669 800 ita
688 737 920 818 perfecissent
936 736 1147 802 Athenienses
1164 738 1202 802 ab
1220 738 1364 802 omuibus

131 824 311 890 homiuibus
335 823 573 906 praedicentur,
604 826 673 907 ipse
704 828 810 891 autem
838 825 975 891 maxima
1000 825 1081 891 doua
1105 845 1138 891 se
1164 829 1366 910 accepturum

132 934 201 980 esse
226 915 342 996 speret.

237 1003 343 1068 Etiam
366 1003 462 1067 tertia
486 1003 637 1085 epistula,
662 1006 698 1070 11
722 1005 760 1069 11
784 1006 864 1069 hanc
888 1006 1097 1084 transeamus,
1120 1005 1166 1070 ita
1190 1006 1366 1089 composita

133 1096 199 1172 est,
231 1094 267 1158 11
296 1092 389 1157 facile
422 1093 578 1174 quispiam
611 1095 766 1177 suspicari
790 1095 893 1176 possit
916 1095 1053 1159 auctoris
1077 1095 1243 1178 praecipue
1266 1096 1365 1161 inter-

132 1185 228 1248 fuisse
260 1184 359 1246 artem
392 1201 481 1246 suam
512 1183 702 1248 rhetoricam
735 1203 828 1266 quam
860 1183 995 1248 maxime
1025 1183 1059 1248 iu
1089 1185 1193 1249 lucem
1216 1185 1364 1267 proferre.

132 1273 247 1357 Agitur
278 1290 314 1336 ea
338 1271 376 1336 dc
400 1272 535 1354 Lycurgi
558 1273 730 1338 liberorum
754 1273 857 1341 rebus.
906 1274 966 1338 Per
990 1275 1091 1338 totam
1115 1275 1221 1338 autem
1245 1275 1365 1357 epistu-

130 1363 196 1427 lam
227 1361 427 1444 intellegitur
458 1363 617 1426 auctorem
648 1362 680 1426 iu
709 1381 743 1426 re
767 1363 951 1444 explicanda
975 1381 1098 1444 semper
1121 1364 1263 1446 exempla
1285 1365 1364 1430 bene

132 1453 214 1517 inter
239 1470 272 1514 se
297 1450 442 1532 opposita
467 1451 605 1515 conferre
630 1452 790 1516 studuisse
816 1453 847 1516 et
864 1452 1006 1535 singulas
1022 1454 1138 1535 partes,
1156 1473 1253 1535 aeque
1270 1455 1364 1536 atque

131 1543 163 1606 iu
188 1540 325 1606 secunda
348 1539 485 1622 epistula
508 1539 558 1619 iit,
582 1542 752 1623 patheticis
777 1542 880 1606 verbis
906 1543 940 1605 ut
963 1543 1009 1606 ita
1033 1541 1136 1606 dicam
1161 1543 1364 1611 conclusisse.

131 1633 181 1695 lta
204 1631 315 1694 statim
338 1629 429 1694 initio
455 1629 610 1711 epistulae
634 1631 748 1695 tertiae
772 1629 805 1716 (ξ
831 1633 850 1695 6
875 1628 955 1715 seq.)
979 1631 1061 1696 inter
1086 1651 1119 1695 se
1144 1634 1366 1715 comparantur

131 1719 251 1797 laudes,
277 1718 390 1801 quibus
410 1718 621 1784 Athenienses
638 1721 815 1804 Lycurgum
839 1719 944 1803 ipsum
968 1720 1110 1784 affecisse
1127 1721 1239 1786 Graeci
1263 1722 1366 1787 sciant

133 1827 250 1886 omnes,
282 1809 314 1872 et
344 1808 441 1887 ratio,
477 1827 538 1890 qua
561 1829 643 1873 nunc
666 1810 699 1874 in
723 1810 840 1873 liberos
865 1809 931 1874 eius
957 1829 990 1874 se
1015 1812 1134 1892 gerant,
1159 1831 1230 1876 cum
1255 1829 1308 1876 eos
1332 1813 1364 1876 iu

133 1917 287 1964 carcerem
322 1899 353 1961 et
383 1897 509 1963 vincula
540 1899 746 1972 coniecerint;
782 1918 844 1981 qua
875 1900 912 1962 de
945 1918 1039 1964 causa
1063 1901 1203 1983 Lycurgo
1236 1901 1365 1983 eiusque

130 1988 240 2054 liberis
265 1987 523 2066 misericordiam,
548 1987 654 2052 odium
677 1988 926 2052 Atheniensibus
951 1988 1049 2056 nasci.
1096 1989 1146 2053 Ita
1170 2009 1241 2054 curu
1264 1989 1365 2054 Athe-

131 2077 287 2143 niensium
320 2077 502 2154 atrocitate,
535 2077 589 2158 qui
620 2077 659 2141 ad
692 2097 816 2142 omnem
848 2077 1078 2142 humanitatem
1109 2079 1225 2144 exculti
1248 2079 1365 2144 liberos

130 2168 312 2232 innocentes
345 2165 522 2231 innocentis
553 2166 691 2231 hominis
724 2169 756 2232 et
789 2167 827 2231 de
859 2168 934 2232 urbe
959 2167 1037 2232 bene
1061 2167 1167 2232 meriti
1191 2169 1259 2233 tam
1282 2169 1366 2233 male

130 2256 353 2335 tractaverint,
384 2256 501 2320 leuitas
533 2256 673 2339 Philippi
705 2258 920 2339 comparatur,
953 2257 1005 2339 qui
1038 2257 1182 2339 quamvis
1213 2259 1365 2323 barbarus

132 2349 239 2412 tamen
265 2345 408 2427 11111111
433 2344 519 2426 (post
542 2345 697 2427 proelium
715 2344 950 2411 Chaeroneeuse
974 2347 1137 2429 dimissos)
1162 2347 1279 2412 vincire
1303 2367 1366 2412 uon

135 2455 228 2501 ausus
265 2435 309 2499 sit
344 2434 376 2517 (§
415 2436 453 2498 11
491 2435 580 2518 1111).
629 2434 774 2500 Ceterum
810 2435 893 2516 quod
923 2437 983 2500 hoc
1013 2435 1081 2501 loco
1114 2435 1281 2519 Philippus
1313 2456 1366 2501 1111

136 2525 362 2611 inevidenter
392 2523 440 2589 ὢν
471 2523 603 2600 εἰκότως
632 2530 769 2612 τραφείς
798 2521 825 2610 γ)
859 2523 895 2590 ἓν
923 2523 1055 2612 ἐξουσίᾳ
1079 2525 1276 2608 depingitur,
1307 2527 1366 2591 hoo

136 2635 206 2680 curn
238 2615 372 2680 11111111
404 2631 465 2678 111
497 2614 660 2690 11111111;
694 2614 776 2696 quod
804 2615 867 2678 iam
891 2615 932 2682 H.
961 2614 1092 2679 Wolfius
1117 2615 1197 2680 vidit
1221 2616 1367 2680 adhunc

134 2706 238 2769 locum
268 2705 421 2768 annotans
446 2721 552 2786 regern
575 2703 669 2768 illum
692 2705 926 2787 praeceptorem
950 2704 1098 2788 Lysidem
1123 2705 1367 2788 Pythagoricum

134 2796 166 2858 et
190 2792 441 2873 condiscipulum
464 2792 724 2874 Epaminondam,
749 2794 851 2857 omnis
875 2793 971 2858 cificii
995 2793 1181 2876 exemplum,
1205 2795 1363 2863 habuisse.

132 2881 376 2964 Respicieudum
400 2901 472 2946 vero
497 2881 593 2946 etiam
617 2881 698 2946 illud
722 2884 780 2961 est,
805 2901 876 2947 1111
900 2883 958 2947 hoe
981 2883 1094 2948 tertiae
1119 2883 1274 2965 epistulae
1294 2884 1363 2949 loco

133 2991 196 3036 nou
226 2971 389 3035 convenire
413 2971 658 3053 descriptionem
682 2991 805 3036 morum
829 2971 970 3054 Philippi
994 2991 1073 3054 quae
1099 2973 1204 3036 estin
1228 2973 1365 3038 secunda

133 3060 280 3144 epistula.
326 3061 437 3143 Itaque
469 3062 575 3125 nostro
607 3060 676 3126 loco
707 3060 778 3125 ideo
809 3060 891 3124 illud
914 3061 1140 3148 doecroe'rpcog
1163 3061 1210 3127 ὢν
1233 3061 1366 3140 εἰκότως

132 3149 276 3216 additum
301 3169 370 3215 esse
394 3150 527 3228 uidetur,
553 3170 612 3232 quo
636 3151 720 3233 regis
736 3149 917 3216 humanitas
935 3151 1036 3234 magis
1054 3152 1185 3220 eluceat.
1234 3151 1364 3217 Cautius

133 3241 240 3306 autem
265 3241 297 3304 et
319 3241 421 3304 multo
445 3240 596 3305 urbanius
622 3239 753 3304 eandem
778 3241 969 3305 seutentiam
985 3241 1216 3306 Demosthenes
1240 3241 1365 3323 ipsein

132 3350 176 3398 cr.
202 3329 240 3394 de
264 3348 325 3398 cor.
350 3329 461 3394 habita
485 3329 502 3411 §
528 3331 570 3394 68
595 3329 742 3411 exprimit
764 3329 867 3394 hisce:
892 3330 998 3406 οὐδεὶς
1014 3330 1056 3396 ἂν
1072 3329 1180 3396 εἰπεῖν
1196 3331 1363 3418 τολμήσαι,

132 3418 178 3496 ὡς
193 3425 240 3504 τῷ
262 3419 324 3502 μὲν
348 3417 384 3485 ἐν
408 3419 518 3505 Πέλλῃ
543 3423 711 3506 τραφέντι,
736 3424 843 3504 χωρίῳ
868 3418 973 3505 ἀδόξῳ
998 3424 1071 3485 τότε
1097 3415 1124 3504 γ)
1146 3421 1218 3485 ὄντι
1242 3422 1296 3485 καὶ
1310 3446 1365 3504 μι-

131 3515 208 3594 κρῷ,
234 3511 400 3596 τοσαύτην
423 3508 676 3594 μεγαλοψυχίαν
700 3518 866 3595 προσῆκεν
890 3507 1093 3594 ἐγγενέσθαι,
1119 3509 1202 3574 ὥστε
1227 3519 1284 3596 τῆς
1299 3518 1367 3575 τῶν
1423 3553 1428 3559 -

128 3593 295 3684 Ἑλλήνιον
312 3596 412 3685 ἀρχῆς
427 3596 636 3685 ἐπιθυμῆσαι
653 3635 703 3677 —,
729 3596 809 3680 ὑμῖν
833 3592 963 3664 ὁόὖσιν
978 3595 1169 3685 Ἀθηναίοις
1186 3634 1226 3644 ——
1244 3603 1366 3664 τοσαύ-

132 3711 195 3774 την
213 3692 330 3752 κακίαν
346 3686 500 3774 ὑπάρξαι,
515 3687 599 3752 ὥστε
612 3698 668 3776 τῆς
680 3685 870 3774 ἐλευθερίας
886 3725 926 3734 -
944 3697 1181 3775 παραχωρῆσαι
1194 3688 1364 3773 Φιλίππῳ.

131 3777 177 3842 Ut
201 3795 273 3840 vero
298 3776 337 3841 ad
361 3777 474 3840 tertiae
499 3777 653 3858 epistulae
677 3777 782 3840 locum
806 3777 980 3854 redeamus,
1005 3776 1182 3841 addendum
1207 3778 1256 3842 est
1280 3797 1366 3842 com·

132 3865 297 3948 paratione
328 3865 387 3930 illa
417 3865 556 3947 perfecta
587 3866 668 3930 hauc
692 3867 815 3948 partem
838 3866 884 3930 ita
907 3865 1008 3930 finiri:
1041 3865 1138 3932 addin
1161 3865 1367 3954 ἀθλιώτερον

132 3953 226 4020 ’ἐσται
249 3964 309 4021 τοῦ
333 3965 390 4042 τῆς
412 3953 498 4040 ὑπὲρ
523 3963 582 4020 τοῦ
606 3955 711 4042 δῆμον
734 3959 828 4038 τάξιν
851 3955 1018 4042 αἱρεῖσθαι
1035 3956 1096 4039 (11.
1114 3955 1172 4034 ΙΙΙ,
1193 3955 1263 4040 15);
1289 3975 1367 4038 quae

133 4044 425 4127 111111111111111
450 4044 531 4108 iufra
555 4045 705 4126 exemplis
730 4043 920 4114 illustratur.

241 4135 426 4199 luseruntur
455 4135 561 4199 autem
585 4136 650 4198 tres
674 4133 862 4216 paragraphi
886 4131 1056 4220 (ro-18),
1081 4135 1193 4216 quihus
1218 4135 1256 4202 de
1279 4136 1368 4200 Moe-

132 4224 220 4290 rocle
245 4223 359 4307 agitur.
408 4222 637 4306 Comparantur
660 4223 743 4288 iuter
767 4242 801 4288 se
824 4223 901 4288 haee
925 4224 996 4302 duo,
1017 4223 1172 4306 quomodo
1190 4243 1264 4308 erga
1280 4225 1368 4290 Moe-

133 4314 254 4379 roelem
269 4312 480 4378 Athenienses
505 4312 627 4396 egerint
651 4315 683 4377 et
707 4312 862 4395 quomodo
886 4312 955 4395 ipse
976 4316 1084 4379 contra
1099 4313 1216 4379 liberos
1233 4313 1367 4397 Lycurgi

136 4403 248 4486 egerit.
294 4404 332 4470 A.
349 4403 508 4468 Moerocle
534 4403 627 4483 enim,
650 4403 805 4485 cumipse
822 4422 893 4468 cum
910 4403 1124 4487 compluribus
1142 4403 1214 4468 aliis
1230 4403 1367 4468 traditus

1120 4508 1156 4564 3*
